2875 4842
1041 278 1139 338 m.
1174 275 1600 342 Amen-m:
2253 343 2266 352 ,
2375 269 2488 337 επ

32 481 36 488 -
86 499 90 506 .
175 444 366 506 coram
389 439 591 501 baberi
640 452 843 496 sermo
865 436 1188 498 videretur.
1264 439 1421 498 Cum
1451 437 1613 497 enim
1665 452 1828 513 saepe
1875 451 2117 499 mecum
2145 454 2386 516 ageres,

177 525 333 582 utde
360 518 646 581 Amicitia
693 517 1021 576 scriberem
1071 517 1313 594 aliquid,
1360 517 1543 593 digna
1580 517 1733 576 mihi
1783 533 1882 573 res
1920 516 2060 576 cum
2105 517 2378 578 omnium
2416 517 2490 570 25

175 599 521 679 cognitione,
557 596 687 655 tum
711 595 916 653 nostru
953 594 1348 654 familiaritate
1384 595 1512 655 visa
1537 609 1650 655 est.
1733 596 1942 670 Itaque
1988 595 2110 653 feci
2130 615 2252 656 non
2289 597 2379 656 in·

175 681 344 748 vitus,
369 691 436 735 ut
463 676 811 750 prodessem
857 674 1062 732 multis
1107 688 1212 732 tuo
1256 686 1490 748 rogatu.
1572 675 1715 742 Sed,
1765 687 1830 738 ut
1875 673 1936 731 in
1983 675 2207 732 Catone
2247 676 2381 736 Ms-

167 756 314 834 jore,
339 756 446 831 qui
472 767 567 812 est
606 751 863 826 scriptus
909 753 980 810 ad
1007 765 1069 811 te
1093 755 1167 809 de
1214 752 1560 822 Senectute,
1594 748 1885 812 Catonem
1936 752 2148 811 induxi
2174 771 2384 811 senem

170 833 595 910 disputantem,
639 831 779 908 quia
812 834 973 889 nulla
1034 832 1343 888 ridebatur
1400 831 1592 905 aptior
1653 845 1926 907 persona,
1969 845 2109 906 quae
2161 831 2242 888 de
2283 833 2385 890 iila

167 926 341 973 aetate
369 916 733 987 loqueretur,
756 910 935 984 quam
962 909 1117 989 ejus,
1134 910 1237 984 qui
1270 915 1320 968 st
1350 908 1686 969 diutissime
1724 926 1913 968 senex
1953 909 2189 976 fuisset,
2216 917 2267 971 St
2321 910 2384 967 in
2427 911 2500 962 30

168 991 306 1066 ipsi
328 1002 635 1048 senectute
659 1005 778 1063 prae
802 989 1039 1048 caeteris
1060 987 1390 1046 floruisset:
1417 988 1505 1045 sic
1526 988 1665 1047 cum
1687 987 2130 1063 accepissemus
2149 991 2192 1047 ii
2212 988 2389 1064 petri·

125 1080 131 1086 '
166 1072 284 1128 bus
332 1067 603 1127 maxime
640 1067 1089 1124 memorabilem
1114 1068 1191 1124 C.
1237 1066 1406 1125 Laelii
1455 1070 1505 1125 St
1553 1068 1620 1126 Ρ.
1673 1065 1973 1140 Scipionis
2024 1065 2391 1125 familiarite·-

166 1159 296 1208 tem
318 1145 525 1215 fuisse,
547 1146 755 1203 idonea
778 1144 930 1202 mihi
975 1145 1151 1204 Laelii
1178 1163 1431 1220 persona
1473 1143 1601 1203 visa
1625 1159 1740 1213 est,
1760 1162 1889 1220 quae
1936 1145 2013 1202 do
2035 1145 2300 1205 amicitia
2324 1164 2395 1204 ea

164 1225 305 1301 ipsa
349 1227 691 1291 dissereret,
714 1240 844 1299 quae
869 1224 1163 1299 disputata
1207 1228 1279 1282 ab
1305 1242 1378 1282 eo
1400 1221 1774 1283 meminisset
1813 1222 2099 1282 Scaevola.
2177 1225 2391 1286 Genus

162 1320 373 1367 autem
423 1307 538 1362 hoc
587 1320 949 1371 sermonum,
1001 1302 1259 1376 positum
1285 1303 1343 1360 in
1386 1301 1698 1361 hominum
1723 1315 1996 1360 veterum
2037 1301 2401 1369 auctoritate,
2431 1304 2502 1357 ³⁵

162 1391 223 1444 δι
267 1401 481 1445 eorum
527 1380 870 1448 illustrium,
910 1382 1047 1456 plus
1091 1381 1297 1439 nescio
1337 1399 1458 1456 quo
1504 1394 1680 1454 pacto
1730 1379 1967 1439 videtur
2012 1383 2229 1442 habere
2258 1401 2392 1460 gra·

161 1464 388 1524 vitatis.
466 1465 675 1538 Itaque
728 1459 859 1533 ipse
905 1477 1039 1520 mea
1083 1462 1314 1538 legens,
1365 1460 1452 1516 sic
1482 1458 1704 1517 afficior
1753 1458 2076 1530 interdum,
2099 1472 2167 1519 ut
2212 1464 2393 1520 Cato-

161 1562 331 1613 nem,
374 1559 495 1599 non
532 1557 633 1598 me
662 1538 845 1613 ‚ioqui
897 1537 1262 1599 existimem.
1369 1538 1491 1597 Sed
1539 1548 1608 1608 ut
1656 1537 1786 1596 tum
1829 1538 1900 1596 ad
1948 1555 2155 1596 senem
2204 1557 2394 1599 senex

163 1623 241 1682 de
284 1630 620 1684 senectute,
662 1616 752 1673 sic
797 1618 909 1673 hoc
958 1615 1107 1674 libro
1149 1618 1223 1675 sd
1271 1617 1534 1677 amicum
1586 1617 1987 1676 amicissimus
2037 1617 2114 1672 de
2161 1619 2395 1678 Amici·

160 1702 251 1761 tia
297 1698 533 1773 scripsi.
614 1694 773 1753 ‘mm
818 1706 913 1752 est
964 1695 1115 1755 Cato
1154 1689 1413 1764 locutus,
1461 1712 1582 1770 quo
1628 1708 1756 1754 erat
1796 1711 1978 1757 nemo
2020 1694 2146 1755 fere
2195 1698 2395 1755 senior
2434 1706 2513 1755 ⁴0

158 1777 546 1856 temporibus
589 1773 730 1840 illis,
776 1790 957 1832 nemo
1001 1773 1390 1847 prudentior:
1426 1791 1583 1830 nunc
1625 1772 1846 1834 Laelius
1899 1779 1949 1833 se
2004 1774 2261 1848 sapiens,
2309 1777 2400 1834 sic

162 1873 264 1917 est
316 1856 484 1916 enim
547 1854 802 1918 habitus,
869 1857 921 1910 δι
989 1852 1267 1912 amicitiae
1341 1850 1537 1929 gloria
1587 1854 1914 1920 excellens,
1982 1853 2058 1908 de
2134 1853 2399 1915 amicitia

160 1933 458 2013 loquitur.
572 1934 674 1990 Tu
740 1928 922 1987 velim
987 1930 1251 1990 animum
1304 1931 1339 1991 ὲ
1388 1946 1490 1989 me
1540 1947 1867 2006 parumper
1929 1941 2182 2003 avertas,
2232 1934 2404 1992 Laeli-

158 2034 275 2074 um
332 2013 495 2088 loqui
537 2011 739 2086 ipsum
792 2019 987 2083 putes.
1067 2010 1139 2065 C.
1168 2009 1429 2068 Fannius
1483 2013 1534 2066 δι
1585 2009 1661 2081 Q.
1710 2008 1961 2067 Mucius
2004 2009 2077 2066 ad
2122 2027 2401 2071 socerum

158 2091 422 2150 veniunt
459 2102 596 2166 post
636 2101 896 2146 mortem
949 2085 1264 2152 Ali-iesum
1301 2089 1373 2148 ab
1424 2086 1519 2147 his
1564 2103 1766 2146 sermo
1808 2086 1999 2144 oritur
2024 2104 2042 2141 z
2083 2092 2403 2163 respondet
2441 2097 2517 2152 45

162 2170 398 2233 Laelius
424 2187 442 2223 ε
501 2168 682 2247 cujus
728 2177 849 2225 tots
889 2165 1211 2239 disputatio
1252 2178 1348 2225 est
1393 2165 1468 2224 de
1507 2164 1819 2236 Amicitia,
1854 2182 2032 2242 quam
2077 2167 2289 2242 legens
2335 2180 2403 2228 tu

162 2252 305 2326 ipse
338 2264 693 2322 cognosces.
1174 2289 1177 2292 .

246 2330 338 2388 11.
376 2328 659 2383 Fannius.
739 2326 892 2385 Sunt
937 2324 1069 2393 ists,
1108 2326 1308 2394 Laem
1347 2342 1460 2387 nec
1498 2322 1659 2383 enim
1701 2324 1921 2382 melior
1945 2323 2040 2382 vir
2081 2323 2194 2383 fuit
2241 2326 2406 2385 Afri-

157 2425 321 2467 cano
347 2402 684 2481 quisquam,
709 2423 821 2462 nec
852 2404 1068 2463 clarior
1093 2425 1111 2473 3
1153 2406 1260 2461 sed
1282 2402 1634 2462 existimare
1662 2402 1865 2472 debes,
1889 2402 2159 2462 omnium
2199 2406 2407 2464 oculos

159 2490 229 2546 in
251 2497 319 2544 te
337 2500 478 2540 esse
499 2483 841 2559 conjectos3
883 2500 1071 2542 unum
1096 2495 1156 2540 te
1182 2482 1513 2557 sapientem
1541 2488 1592 2541 ἃ
1619 2483 1916 2556 appellant
1938 2487 1989 2541 sc
2018 2482 2405 2553 existimant;

156 2563 543 2626 tribuebatur
593 2562 707 2616 hoc
748 2562 930 2620 modo
975 2561 1063 2619 M.
1093 2559 1347 2630 Catoni3
1410 2559 1640 2619 scimus
1683 2561 1755 2619 L.
1801 2559 2061 2620 Atilium
2111 2564 2269 2637 apud
2306 2579 2409 2637 pa·

158 2660 302 2704 tres
326 2653 559 2697 nostros
582 2639 945 2712 appellatum
973 2655 1109 2695 esse
1136 2638 1467 2712 sapientem
1496 2656 1517 2701 3
1555 2639 1663 2696 sed
1702 2652 1957 2714 uterque
2004 2640 2123 2697 alio
2150 2640 2407 2717 quodam
2447 2655 2480 2702 5

164 2720 361 2782 modo
386 2738 404 2774 z
445 2716 689 2776 Atilius,
733 2717 872 2792 quia
899 2718 1168 2793 prudens
1217 2733 1355 2773 esse
1408 2716 1472 2773 in
1515 2716 1656 2794 Jure
1693 2715 1856 2774 civili
1898 2720 2212 2792 putubatur
2236 2740 2254 2776 ε
2295 2720 2411 2780 Ca-

161 2816 255 2868 to,
304 2800 445 2872 quia
486 2796 809 2852 multarum
862 2814 1067 2853 reruni
1119 2811 1300 2852 usum
1354 2796 1643 2858 babebat:
1678 2797 1866 2853 multa
1911 2794 2047 2872 ejus
2099 2797 2146 2846 &-
2190 2798 2253 2856 in
2303 2793 2413 2857 se:

158 2892 319 2938 natu
363 2883 417 2937 ει
458 2872 518 2930 in
581 2873 709 2928 foro
754 2876 850 2932 vel
901 2873 1137 2951 provisa
1176 2873 1525 2948 prudenter,
1569 2875 1668 2930 vel
1728 2886 1859 2931 scta
1911 2886 2272 2943 constanter,
2311 2881 2410 2935 vel

158 2970 464 3029 responsa
513 2949 684 3011 acute
728 2949 1107 3019 ferebanturz
1174 2962 1496 3027 propterea
1545 2950 1718 3025 quasi
1759 2968 2100 3026 cognomen
2140 2954 2267 3030 jam
2307 2956 2412 3013 ba·

150 3030 437 3108 ‘hepatia
479 3042 787 3089 senectute
845 3029 1169 3107 sapientis3
1231 3041 1289 3086 te
1338 3040 1543 3088 sutem
1583 3029 1700 3089 alio
1744 3030 2002 3103 quodam
2051 3030 2251 3101 modo,
2293 3052 2408 3092 non
2455 3040 2528 3092 lo

163 3111 375 3173 solum
421 3120 630 3168 natura
677 3114 728 3169 St
797 3110 1082 3178 moribus,
1127 3106 1335 3168 verum
1389 3106 1574 3169 etiam
1625 3106 1821 3167 studio
1861 3109 1918 3163 δι
1960 3105 2228 3167 doctrina
2272 3129 2411 3172 esse

163 3190 517 3266 sapientem
540 3207 557 3242 t
600 3206 714 3247 nec
756 3187 913 3248 sicut
949 3188 1192 3263 vulgus,
1231 3187 1337 3243 sed
1384 3200 1452 3243 ut
1503 3185 1722 3245 eruditi
1759 3188 1952 3245 solent
1977 3190 2279 3263 appellare
2321 3208 2413 3248 sa·

164 3269 471 3348 pientem,
522 3268 760 3341 qualem
822 3267 884 3326 in
936 3278 1060 3325 toto
1105 3263 1339 3334 Gra-,cis
1396 3267 1748 3326 neminem:
1808 3283 1946 3324 nsm
2009 3268 2115 3341 qui
2176 3280 2413 3344 septem

160 3345 578 3423 appellantur,
626 3362 750 3412 eos,
796 3345 900 3421 qui
948 3346 1063 3402 ista
1101 3342 1379 3401 subtilius
1440 3358 1726 3419 quaerunt,
1768 3343 1830 3402 in
1875 3361 2131 3405 numero
2181 3348 2414 3421 sapien·

161 3428 336 3487 tium
387 3439 506 3480 non
554 3423 785 3481 habent.
905 3422 1163 3483 Athenis
1211 3439 1395 3480 unum
1445 3422 1812 3496 accepimus,
1859 3428 1912 3482 ετ.
1976 3441 2122 3483 eum
2161 3423 2410 3501 quidem
2453 3442 2521 3496 15

162 3504 368 3564 etiam
412 3500 713 3575 Apollinis
753 3504 999 3561 oraculo
1026 3499 1534 3576 sapientissimum
1574 3499 1955 3579 judicatum3
1994 3504 2144 3561 hsnc
2189 3521 2326 3563 esse
2348 3507 2411 3565 in

164 3597 236 3645 te
270 3573 623 3655 sapientiam
644 3578 1006 3650 existimant,
1022 3594 1091 3640 ut
1114 3578 1319 3638 omnia
1344 3590 1444 3637 tua
1471 3580 1532 3636 in
1560 3593 1619 3636 te
1647 3579 1841 3653 posita
1872 3597 2008 3639 esse
2030 3577 2216 3646 <iubas
2242 3604 2259 3651 ς
2303 3588 2413 3644 hu-

163 3675 511 3736 manosque
539 3675 712 3717 casus
737 3657 959 3717 virtute
982 3656 1294 3717 inferiores
1320 3670 1533 3733 putes3
1572 3655 1776 3732 itaque
1830 3677 1910 3718 ex
1961 3679 2066 3718 me
2110 3676 2410 3737 quaerunt,

164 3736 369 3799 credo
392 3736 540 3795 item
565 3755 645 3795 ex
694 3750 777 3807 te,
822 3737 1101 3804 Scaevola,
1155 3753 1412 3812 quonam
1468 3748 1640 3811 pacto
1695 3750 1954 3796 mortem
2006 3739 2275 3800 Africani
2325 3740 2412 3797 se-

162 3835 303 3886 ras,
343 3831 536 3890 eoque
564 3816 781 3891 magis,
825 3816 985 3892 quod
1031 3814 1127 3873 his
1173 3814 1466 3890 proximis
1513 3812 1728 3880 Nonis.
1778 3817 1920 3877 cum
1960 3817 2020 3874 in
2079 3813 2281 3875 hortos
2319 3820 2404 3879 D.
2449 3834 2524 3889 ρο

164 3893 363 3956 Bruti
420 3894 691 3970 auguris,
736 3894 1174 3954 commentandi
1225 3894 1427 3963 causa,
1479 3905 1546 3952 ut
1591 3896 1831 3965 assolet,
1878 3894 2277 3966 venissemus,
2343 3911 2414 3959 tu

165 3989 306 4034 non
349 3970 639 4030 adfuisti':
702 3972 808 4048 qui
879 3971 1338 4048 diligentissime
1387 3987 1630 4047 semper
1689 3972 1862 4033 illum
1914 3974 2093 4041 diem,
2147 3983 2202 4037 δι
2265 3976 2418 4039 iliud

166 4067 407 4110 munus
449 4051 661 4110 solitus
686 4066 857 4110 esses
894 4050 1079 4110 obire.
1165 4054 1435 4111 Scaevola.
1515 4050 1814 4123 Quaerunt
1837 4052 2101 4129 quidem,
2126 4053 2198 4116 C.
2236 4056 2413 4128 Laeli,

164 4127 383 4192 multi,
408 4140 477 4186 ut
500 4140 596 4186 est
620 4129 657 4189 d
701 4127 923 4187 Fannio
968 4129 1193 4188 dictum
1221 4151 1238 4186 ε
1281 4130 1387 4188 sed
1431 4146 1552 4204 ego
1595 4128 1657 4186 id
1697 4131 2051 4208 respondeo,
2087 4135 2248 4208 quod
2285 4137 2414 4195 sni.

165 4203 501 4293 madiret-ti,
523 4219 586 4265 te
625 4207 895 4264 dolorem
940 4225 1124 4282 quem
1158 4207 1469 4281 acceperis
1494 4206 1634 4266 cum
1662 4208 1884 4268 summi
1925 4208 2059 4279 viri,
2089 4211 2220 4272 tum
2266 4216 2414 4274 ami·
2453 4221 2523 4282 23

166 4282 422 4343 cisstmi
446 4298 659 4354 morte,
697 4282 855 4342 ferre
884 4287 1220 4348 moderates
1260 4303 1375 4345 nec
1420 4286 1690 4361 potuisse
1729 4305 1844 4344 non
1890 4291 2278 4359 commoveri,
2303 4310 2415 4350 nec

166 4359 377 4421 fuisse
405 4359 466 4418 id
492 4361 876 4422 humanitatis
913 4375 1033 4423 tuae
1062 4385 1082 4435 3
1122 4365 1283 4440 quod
1310 4376 1513 4423 autem
1543 4357 1637 4422 bis
1665 4364 1859 4426 Nouis
1908 4366 1969 4426 in
1994 4381 2199 4426 nostro
2235 4371 2416 4428 colle-

170 4439 293 4516 gio
314 4457 447 4524 ‘non
516 4440 826 4515 adfuisses,
872 4440 1337 4505 invaletudinem
1385 4459 1598 4511 causae,
1649 4459 1767 4502 non
1814 4442 2164 4508 moestitissn
2203 4445 2414 4505 fuisse.
