2875 4842
376 171 490 225 50⁸
1085 162 1175 230 M.
1211 157 1506 225 ‘ruLLn
1556 157 2011 225 CICERONIS

500 335 592 383 est
616 323 673 382 in
694 320 843 399 ipsis
868 321 940 380 ad
968 324 1121 381 bene
1148 325 1437 399 beateque
1467 320 1805 391 vivendum,
1828 322 1903 380 iis
1926 318 2369 458 omngffavis
2393 325 2490 382 est'
2525 332 2716 396 εἰπε

494 404 597 481 qui
642 416 843 460 autem
881 401 1078 461 omnia
1129 405 1279 462 bona
1318 407 1357 462 a
1407 400 1622 477 seipsis
1673 413 1902 477 petunt,
1942 401 2017 460 iis
2095 398 2110 413 ’
2157 398 2174 413 “
2246 416 2444 477 potest
2481 407 2714 462 malum

490 481 696 551 videri,
721 482 881 556 quod
900 491 1125 542 naturae
1169 479 1496 539 necessitas
1537 480 1781 549 afferam
1841 499 1961 557 quo
2006 480 2068 539 in
2121 496 2346 556 genere
2389 479 2451 539 in
2498 480 2720 557 primis

388 564 581 617 lo·est
605 571 922 618 senectus=
976 577 1154 635 quam
1203 573 1269 620 ut
1320 559 1716 635 adipiscantur
1751 575 1957 620 omnes
2003 571 2249 634 optant3
2311 560 2568 618 eandem
2614 580 2716 619 ac·

492 651 699 697 cusant
748 640 1057 714 adeptam:
1099 653 1256 699 tanta
1296 638 1453 698 inest
1504 636 1886 698 inconstantia
1931 635 2197 698 stultitiae
2240 649 2420 712 atque
2468 657 2716 715 perver-

490 718 651 774 sitas.
734 720 1044 793 obrepere
1070 718 1232 778 aiunt
1257 736 1388 778 eam
1417 716 1594 777 citius
1621 721 1802 793 quam
1832 729 2149 793 putassent.
2253 715 2524 776 Primum
2572 719 2715 796 quis

492 795 696 873 coegit
722 817 825 854 eos
848 795 1060 855 fulsum
1085 795 1337 872 putare?
1376 795 1662 872 quienim
1708 795 1889 855 citius
1938 795 2349 855 adolescentia
2411 813 2715 869 senectus,

494 893 671 951 quam
696 873 977 952 pueritiae
998 872 1392 935 adolescentia
1409 873 1681 949 obrepit?
1720 874 1934 932 deinde
1960 874 2067 952 qui
2096 871 2290 933 minus
2320 875 2522 952 gravis
2548 889 2712 934 esset

386 960 450 1012 1⁵
494 954 571 1011 iis
599 968 894 1020 senectus,
920 952 973 1012 si
1006 953 1570 1032 octingentesimum
1606 969 1825 1011 annum
1875 965 2146 1029 agerent,
2233 950 2367 1013 uam
2412 955 2712 1032 octogesi-

499 1032 711 1092 mum?
755 1036 1054 1108 praeterita
1080 1034 1237 1091 enim
1264 1043 1423 1100 atas,
1448 1030 1716 1106 quamvis
1740 1033 1934 1109 longa,
1961 1050 2102 1092 cum
2158 1049 2191 1089 e
2261 1030 2510 1104 risisset,
2551 1035 2716 1094 nulla

501 1112 902 1171 consolatione
934 1115 1305 1187 permulcere
1331 1123 1533 1185 posset
1560 1110 1802 1169 stultam
1828 1121 2217 1171 senectutem.
2305 1110 2615 1184 Quocirca
2657 1113 2712 1171 si

495 1189 843 1267 sapientiam
869 1208 1062 1250 meam
1087 1188 1366 1249 admirari
1409 1186 1614 1248 soletis
1658 1189 1822 1284 (quae
1867 1189 2092 1249 utinam
2143 1191 2325 1268 digna
2366 1204 2532 1250 esset
2581 1191 2708 1268 opi·

494 1267 671 1329 nione
700 1282 910 1336 vestra,
934 1281 1249 1344 nostroque
1277 1266 1663 1346 cognomine)
1705 1286 1767 1327 tn
1811 1271 1923 1326 boc
1956 1285 2167 1328 sumus
2183 1269 2511 1346 sapientes,
2550 1272 2718 1349 quod

385 1347 458 1403 ’Σο
498 1362 765 1408 naturam
811 1347 1094 1422 optimam
1137 1351 1375 1418 ducem,
1420 1358 1699 1423 tanquam
1746 1346 1947 1417 deum,
1991 1347 2322 1425 sequimur,
2362 1347 2540 1425 eique
2595 1367 2707 1426 pa?

494 1444 737 1491 remus:
776 1427 950 1502 aqua
977 1444 1098 1484 non
1125 1426 1451 1486 verisimile
1479 1438 1754 1502 est,cum
1792 1439 2026 1485 caeterae
2081 1440 2278 1503 partas
2321 1427 2508 1488 atatis
2551 1428 2702 1487 bene

499 1507 818 1582 descriptae
848 1503 981 1576 sint,
1029 1517 1369 1565 extremum
1421 1520 1642 1574 actum,
1681 1517 1958 1579 tanquam
2008 1506 2080 1562 ab
2129 1504 2312 1564 inerti
2351 1521 2513 1581 poeta
2559 1524 2706 1565 esse

494 1588 842 1663 neglectum
869 1604 885 1641 ε
923 1584 1028 1642 sed
1050 1599 1246 1644 tamen
1272 1602 1526 1644 necesse
1554 1582 1665 1642 fuit
1684 1600 1819 1642 esse
1865 1582 2086 1659 aliquid
2113 1598 2474 1656 extremum,
2498 1589 2550 1646 k
2571 1597 2708 1644 tan-

422 1735 430 1744 ,
496 1683 676 1741 quam
722 1666 998 1722 arborum
1053 1662 1269 1734 baccis,
1305 1677 1595 1739 terraeque
1625 1658 1899 1737 frugibus
1945 1664 2282 1724 maturitate
2332 1664 2706 1740 tempestivi,

391 1746 463 1800 25
503 1745 673 1819 quasi
699 1741 925 1802 vietum
956 1748 1007 1801 δι
1034 1744 1363 1808 caducum:
1402 1742 1562 1821 quod
1607 1740 1918 1799 ferendum
1968 1752 2060 1799 est
2110 1739 2375 1801 molliter
2414 1742 2708 1820 sapienti;

492 1822 638 1897 quid
658 1820 818 1879 enim
843 1835 934 1878 est
956 1822 1114 1880 aliud
1143 1820 1457 1898 gigantum
1498 1837 1666 1878 more
1713 1821 1930 1878 bellare
1975 1836 2118 1879 cum
2143 1819 2278 1890 diis,
2321 1818 2440 1879 nisi
2484 1836 2712 1881 natura,-

491 1912 829 1974 repugnare
861 1897 882 1955 ἓ
923 1899 1067 1958 Lael.
1110 1901 1320 1978 Atqui,
1359 1901 1527 1968 Cato,
1579 1896 1986 1975 gratissimum
2028 1897 2215 1968 nobis,
2259 1913 2327 1957 ut
2371 1900 2556 1960 etiam
2597 1901 2710 1976 pro

478 1976 778 2052 ,Scipione
809 1977 1109 2052 pollicear,
1131 1977 1368 2052 feceris,
1406 1979 1477 2049 si,
1502 1975 1777 2054 quoniam
1805 1994 2135 2051 speramus,
2160 1979 2440 2037 volumus
2465 1978 2713 2055 quidem

402 2119 419 2130 ,
494 2055 684 2124 certe,
724 2075 899 2117 senes
940 2057 1091 2128 fieri,
1136 2075 1268 2118 ante
1312 2060 1501 2119 multo
1544 2058 1579 2116 a
1618 2069 1677 2115 te
1729 2055 2138 2128 didicerimus,
2179 2058 2397 2132 quibus
2435 2056 2712 2116 facillime

376 2133 450 2191 30
492 2134 817 2198 rationibus
844 2139 1361 2214 ingravescentem
1405 2151 1639 2197 oetatem
1667 2135 1824 2194 ferre‘
1862 2133 2181 2211 possimus.
2266 2137 2429 2193 Cato.
2469 2135 2712 2195 Faciam

490 2233 655 2288 vero,
683 2217 875 2284 [τῆς
918 2214 1250 2292 praesertim
1269 2217 1319 2274 si
1346 2216 1582 2292 utrique
1610 2227 1897 2285 vestrum,
1912 2226 1978 2271 ut
1989 2214 2162 2285 dicis,
2189 2227 2422 2293 gratum
2444 2212 2713 2273 faturum

488 2307 600 2354 est.
685 2296 835 2366 Scite.
877 2289 1178 2354 Volumus
1202 2296 1353 2365 sane,
1391 2294 1508 2355 nisi
1532 2295 1849 2354 molestum
1896 2305 2009 2363 est,
2058 2293 2224 2364 Cato,
2272 2293 2555 2369 tanquam
2604 2291 2717 2351 ali-

490 2387 668 2450 quam
695 2374 848 2434 viam
876 2376 1116 2451 longam
1142 2373 1488 2443 confeceris,
1517 2390 1694 2450 quam
1741 2371 1918 2433 nobis'
1954 2389 2186 2449 quoque
2227 2370 2710 2448 ingrediendum

490 2453 588 2523 sit,
615 2454 788 2520 istuc,
814 2451 934 2530 quo
963 2451 1308 2528 pervenisti,
1327 2453 1530 2511 videre
1558 2453 1730 2528 quale
1751 2450 1848 2510 sit.

576 2535 688 2593 111.
759 2532 921 2589 Cato.
977 2531 1235 2599 Faciam,
1277 2545 1344 2589 ut
1372 2544 1597 2604 potero,
1622 2529 1812 2599 Loe1i;
1878 2547 2033 2607 saepe
2063 2527 2224 2588 enim
2261 2526 2513 2589 interfui
2565 2531 2715 2607 que·

490 2613 638 2671 reiis
666 2629 939 2674 meorum
992 2609 1331 2682 aequalium,
1374 2624 1547 2683 pares
1594 2622 1796 2667 autem
1848 2629 1991 2669 cum
2036 2608 2295 2686 paribus,
2331 2606 2527 2668 veteri
2572 2620 2710 2685 pro-

488 2691 714 2758 verbio,
742 2679 1013 2746 facillime
1040 2699 1506 2762 congregantur,
1553 2702 1693 2775 quae
1737 2687 1809 2745 C.
1840 2689 2147 2758 Salinator,
2198 2706 2331 2764 quae
2374 2686 2484 2762 Sp.
2533 2687 2706 2748 Albi-

485 2785 618 2836 nus,
646 2757 915 2825 homines
945 2765 1328 2833 Consulares,
1354 2764 1543 2823 nostri
1568 2767 1693 2822 lere
1719 2770 1999 2843 aequales,
2038 2765 2345 2843 deplorare
2396 2767 2663 2825 solebant
2684 2789 2707 2836 ;

409 2845 447 2898 5
484 2843 612 2904 tum
659 2839 814 2920 quod
865 2843 1264 2918 voluptatibus
1306 2855 1596 2914 carerent,
1639 2845 1769 2904 sine
1819 2845 2036 2922 quibus
2089 2844 2269 2905 vitam
2324 2847 2550 2905 nullam
2596 2860 2702 2921 pu·

488 2937 713 2985 tarent:
755 2919 879 2981 tum
906 2921 1065 2999 quod
1091 2936 1515 2999 spernerentur
1535 2923 1607 2981 ab
1629 2921 2014 3001 iis,aquibus
2065 2938 2271 2985 essent
2314 2923 2432 2983 coli
2479 2923 2701 2997 sollitig

481 3004 587 3080 qui
617 3001 766 3060 milti
789 3020 903 3060 non
926 3001 990 3066 id
1013 3001 1359 3061 videbantur
1382 3018 1684 3073 accusare,
1712 3003 1870 3080 quod
1892 3014 2052 3061 esset
2073 3005 2476 3064 accusandum
2499 3023 2516 3078 ς
2559 3019 2699 3062 nam

485 3081 539 3140 si
560 3080 617 3140 id
645 3082 827 3158 culpa
851 3079 1176 3140 senectutis
1201 3081 1518 3150 accideret,
1561 3080 1771 3139 eadem
1817 3079 1968 3140 mihi
2016 3096 2131 3137 usu
2185 3083 2508 3152 evenirent,
2558 3081 2703 3139 reli-

392 3221 403 3238 „
482 3159 736 3237 quisque
797 3158 1073 3218 omnibus
1123 3159 1450 3239 majoribus
1492 3170 1666 3224 natu:
1723 3176 1976 3235 quorum
2026 3174 2145 3233 ego
2189 3164 2514 3221 multorum
2556 3177 2707 3236 cog-

373 3247 446 3300 10
485 3237 623 3299 novi
662 3251 1032 3297 senectutem
1060 3236 1186 3296 sine
1224 3238 1518 3316 querela?
1555 3238 1659 3313 qui
1700 3255 1764 3295 se
1809 3242 1859 3296 ἃ
1898 3235 2215 3296 libidinum
2258 3240 2514 3299 vinculis
2538 3240 2699 3298 laxa·

484 3331 578 3378 tos
607 3335 742 3388 esse
768 3335 882 3374 non
933 3317 1183 3377 moleste
1204 3316 1452 3383 ferrent,
1476 3333 1586 3374 nec
1614 3316 1649 3378 εὶ
1673 3317 1797 3374 suis
1827 3314 2320 3392 despicerentur:
2362 3320 2471 3378 sed
2516 3317 2700 3378 omni·

486 3417 595 3456 um
630 3395 968 3454 istiusmodi
993 3399 1374 3473 querelarum
1420 3394 1484 3453 in
1529 3393 1793 3454 moribus
1836 3408 1929 3454 est
1976 3397 2172 3471 culpa,
2224 3415 2342 3457 non
2384 3396 2448 3456 in
2500 3410 2705 3466 aetate3

482 3473 777 3533 moderati
803 3473 984 3546 enim,
1035 3479 1087 3533 δι
1144 3493 1258 3546 nec
1285 3471 1578 3544 difficiles,
1619 3490 1729 3532 nec
1767 3472 2072 3533 inhumani
2119 3493 2296 3536 senes
2333 3476 2706 3537 tolerabilem

388 3617 425 3630 ,Ι
480 3567 668 3633 agunt
699 3565 1092 3613 senectutem.
1176 3550 1606 3629 Importunitas
1645 3565 1846 3612 autem
1895 3556 1946 3612 δι
1993 3551 2392 3614 inhumanitas
2433 3554 2605 3615 omni
2629 3572 2707 3614 ε·

375 3623 437 3697 Ϊῗᾶ
477 3644 593 3696 tate
616 3634 863 3690 molesta
904 3644 1013 3706 est.
1090 3634 1233 3691 Lael.
1294 3633 1424 3699 Est,
1465 3645 1532 3689 ut
1575 3629 1749 3701 dicis,
1797 3631 1986 3698 Cato;
2048 3634 2157 3691 sed
2197 3631 2444 3695 fortasse
2483 3632 2706 3696 dixerit

402 3703 424 3718 “
472 3709 788 3792 quispiam,
829 3710 1215 3788 tibi-propter
1259 3728 1403 3787 opes
1434 3714 1484 3769 ει
1511 3710 1729 3786 copias,
1772 3713 1823 3769 se
1865 3708 2217 3787 dignitatem
2260 3722 2451 3784 tuam,
2496 3716 2711 3773 tolera-

477 3794 753 3855 biliorem
772 3803 1144 3852 senectutem
1171 3789 1406 3851 videris
1446 3788 1506 3846 id
1533 3801 1733 3848 autem
1757 3808 1876 3848 non
1902 3806 2079 3867 posse
2102 3790 2305 3850 multis
2325 3791 2705 3869 contingere.

487 3871 647 3929 Cato.
728 3872 841 3931 Est
859 3871 1056 3930 isthuc
1083 3871 1345 3944 quidem,
1368 3866 1542 3937 Laeli,
1580 3866 1841 3945 aliquid3
1906 3868 2012 3927 sed
2049 3867 2431 3946 nequaquam
2483 3870 2549 3928 in
2593 3873 2708 3931 isto

379 4015 388 4024 ,
479 3963 617 4008 sunt
640 3951 868 4012 omnia:
907 3961 971 4007 ut
997 3947 1441 4008 Themistocles
1477 3944 1665 4004 fertur
1705 3946 1986 4024 Seripbio
2024 3946 2261 4007 cuidem
2289 3947 2349 4005 in
2376 3947 2592 4026 jurgio
2618 3966 2711 4008 re-

361 4035 438 4100 20
481 4029 808 4100 spondisse,
833 4028 972 4088 cum
996 4026 1099 4085 illo
1117 4024 1384 4094 dixisset,
1405 4043 1523 4085 non
1549 4041 1690 4084 eum
1713 4026 1839 4097 sud,
1866 4025 1973 4084 sed
2021 4025 2228 4103 patriae
2263 4025 2458 4104 gloria
2505 4031 2707 4103 splen·

396 4095 417 4112 ’“
477 4104 685 4163 dorem
705 4120 1082 4166 assecutum:
1120 4105 1256 4165 Nec
1308 4102 1571 4173 hercule,
1610 4102 1819 4181 inquit,
1870 4103 1922 4162 si
1965 4124 2082 4184 ego
2127 4101 2441 4180 Seriphius
2484 4124 2708 4174 essem.

474 4183 689 4243 nobilis
710 4206 732 4252 ;
771 4202 881 4243 nec
910 4199 995 4254 tu,
1020 4185 1073 4242 si
1101 4183 1490 4246 Atheniensis
1506 4200 1701 4252 -esses,
1728 4185 1925 4242 clarus
1950 4182 2214 4261 unquam
2243 4182 2505 4250 fuisses:
2546 4185 2704 4263 quod

471 4264 686 4323 eodem
714 4262 892 4322 modo
917 4264 991 4322 de
1011 4275 1316 4323 senectute
1343 4273 1538 4338 potest
1564 4259 1699 4320 dici.
1779 4261 1999 4340 Neque
2042 4261 2206 4322 enim
2231 4259 2290 4319 in
2333 4265 2586 4323 summi
2607 4264 2694 4321 in·

463 4341 606 4418 opi&
630 4342 781 4412 lovis
807 4358 943 4419 ease
968 4355 1251 4431 §efflas
1270 4352 1490 4427 potest,
1515 4357 1591 4410 ne
1620 4338 1871 4421 sapienti
1895 4341 2138 4432 quidem
2163 4360 2188 4414 5
2223 4357 2338 4414 nec
2382 4339 2696 4432 insipienti

442 4465 457 4470 -
2508 4431 2694 4478 euim
