2875 4842
510 179 545 224 ⁴
860 179 869 188 .
1234 197 1241 203 ·
1553 153 1598 200 ι.
2221 193 2234 207 .
2635 187 2640 191 .

1002 293 1129 364 *η
1169 282 1596 365 Αιιιειτιιιῑ
1657 321 1670 336 ι
2099 269 2102 272 ’
2295 0 2726 367 QL..

172 451 365 544 quem,
409 462 560 539 apud
606 478 791 541 quem
826 474 1060 524 evomat
1127 464 1293 523 virus
1338 461 1674 523 acerbitatis
1744 478 1891 522 suae.
1926 443 1932 450 ’
1999 461 2240 541 Atque
2253 468 2368 556 φο
2408 469 2485 527 20
2547 449 2570 492 ⁶

166 545 412 604 maxime
435 543 823 635 judicaretur,
859 544 911 602 si
948 542 1124 618 quid
1131 546 1246 602 tale
1291 554 1510 619 posset
1532 544 1896 619 coming-ete,
1923 555 1988 600 ut
2015 544 2362 621 anquifflos

175 625 317 682 deus
353 642 429 682 ex
459 625 569 682 bac
615 622 922 681 hominum
950 622 1286 699 frequentia
1332 622 1589 684 tolleret,
1620 627 1669 681 a:
1697 623 1756 680 in
1784 621 2099 682 solitudine
2149 627 2383 701 uspiam

162 706 490 770 collocaret,
537 713 708 778 atque
738 701 817 759 ibi
864 702 1245 777 suppeditans
1275 700 1545 760 omnium
1574 715 1824 772 rerum,·
1838 719 1986 777 quas
2012 715 2246 774 natura..
2263 705 2371 762 deo*

162 781 394 851 siderat,
442 779 849 840 abundantiam
903 786 954 841 δι
1007 781 1259 858 copiam,
1304 779 1562 838 hominis
1615 779 1858 839 omnino
1911 779 2234 857 aspiciendi
2274 800 2380 856 po-

162 873 432 919 testatem
458 860 759 935 eriperet;
803 859 938 935 quis
977 874 1096 921 tam
1146 872 1305 917 esset
1342 858 1628 930 ferreus,
1643 859 1785 936 qui
1791 877 1938 918 eam
1991 860 2168 919 vitam
2215 859 2372 919 ferre
2418 864 2492 919 25

160 954 378 1014 posset,
404 943 618 1014 cuique
645 957 762 997 non
799 937 1057 998 auferret
1083 937 1342 998 fructum
1369 939 1739 1015 voluptatum
1781 939 2048 998 omnium
2070 937 2370 998 solitudo?

158 1018 394 1076 Verum
439 1036 586 1093 ergo
614 1019 757 1077 illud
799 1030 908 1087 est,
935 1020 1149 1095 quod
1120 1039 1158 1077 a
1207 1016 1857 1094 ''larentino·Arcbyta,
1883 1034 1948 1076 ut
1979 1015 2212 1093 opinor,
2257 1017 2384 1077 diei

160 1098 416 1164 solitum,
441 1113 675 1156 nostros
720 1114 894 1155 senes
945 1111 1417 1156 commemorare
1463 1096 1681 1162 audivi,
1725 1100 1800 1155 ab
1845 1096 1976 1154 aliis
2004 1096 2243 1155 senibus
2272 1116 2378 1156 au·

170 1175 401 1235 ditum:
441 1176 508 1233 Si
552 1177 688 1252 quis
716 1177 774 1233 in
801 1179 1022 1236 coelum
1050 1174 1431 1244 ascendisset,
1476 1190 1864 1264 naturamque
1883 1175 2120 1242 mundi,
2147 1181 2201 1235 δι
2248 1179 2379 1251 pul·

105 1269 110 1276 ·
158 1254 557 1313 chritudinem
591 1253 869 1313 siderum
897 1255 1329 1346 perspexisset,
1377 1255 1688 1316 insuavem
1718 1256 1883 1315 illam
1934 1253 2382 1313 admirationem
2422 1260 2496 1314 30

159 1332 216 1388 ei
272 1334 417 1401 fore,
464 1351 602 1408 quae
652 1335 1084 1429 Jucundissima
1124 1333 1355 1400 fuisset,
1408 1334 1460 1392 si
1503 1334 1763 1410 aliquem
1807 1335 1908 1393 cui
1959 1347 2226 1392 narraret
2282 1335 2384 1391 ba-

158 1410 357 1471 buisse
460 1411 560 1469 Sic
612 1428 814 1471 natura
843 1414 1168 1474 solitarium
1211 1410 1360 1470 nibil
1407 1427 1580 1482 amat,
1621 1427 1979 1504 semperque
2027 1414 2101 1470 ad
2147 1412 2388 1489 aliquod

156 1502 471 1566 tanquam·
462 1491 908 1551 ·adminiculum
962 1493 1288 1552 annititur:
1354 1492 1514 1570 quod
1573 1492 1632 1550 in
1701 1491 2067 1552 amicissimo
2143 1509 2387 1570 quoque

160 1570 575 1634 dulcissimum
607 1585 715 1629 est·

234 1650 468 1709 XXIV.
527 1649 648 1707 Sed
691 1650 823 1711 etim
874 1664 962 1713 tot
1011 1650 1201 1728 signis
1245 1651 1454 1710 eadem
1504 1665 1712 1711 natura
1756 1652 2037 1720 declaret,
2087 1651 2229 1726 quid
2282 1667 2383 1709 ve-

152 1726 240 1798 lit,
287 1728 573 1806 anquirat,
621 1729 961 1791 desideret·
1022 1729 1513 1798 obsurdescimus
1556 1744 1753 1790 tamen
1791 1732 1997 1788 nescio
2030 1729 2372 1821 quomodo3

150 1824 268 1864 nee
320 1827 408 1877 ea,
480 1827 616 1885 quae
671 1812 743 1868 ab
788 1811 859 1867 ea
910 1828 1246 1877 monemur,
1312 1808 1642 1868 audimus?
1700 1821 1791 1869 est
1861 1808 2021 1868 enim
2076 1808 2271 1866 varius
2325 1814 2380 1867 ὃς

151 1886 469 1961 multiplex
498 1904 644 1946 usus
686 1889 987 1954 amicitiae,
1026 1889 1349 1965 multaeque
1393 1906 1591 1948 causae
1625 1887 2046 1963 suspicionum
2091 1887 2371 1946 offensio-

152 1982 418 2058 numque
472 1966 722 2029 dantur:
762 1987 909 2044 quas
959 1981 1089 2028 tum
1139 1968 1381 2026 evitare
1434 1981 1561 2025 tum
1603 1971 1855 2031 elevare,
1902 1982 2030 2025 tum
2057 1967 2248 2035 ferre,
2289 1986 2380 2026 sa·
2423 1978 2459 2030 5

150 2061 369 2120 ptenus
400 2059 542 2103 est·
589 2065 705 2104 una
756 2046 858 2104 illa
904 2048 1261 2106 sublevanda
1309 2046 1562 2104 offensio
1600 2061 1711 2115 est,
1762 2057 1827 2103 ut
1856 2051 1903 2104 δι
1957 2047 2173 2104 veritas
2218 2046 2279 2103 in
2326 2065 2389 2105 a·

151 2126 399 2193 micitia,
456 2126 505 2183 δι’
561 2125 713 2183 fides
767 2126 1127 2194 retineatur;
1189 2143 1323 2184 nam
1381 2131 1430 2185 ἃ
1485 2124 1767 2185 monendi
1811 2123 1987 2181 amici
2016 2143 2169 2199 saepe
2216 2138 2379 2196 sunt,

154 2207 205 2260 δι
258 2202 659 2293 objurgandi:
732 2211 781 2263 δι
832 2205 961 2262 haec
1012 2203 1354 2280 accipienda
1417 2203 1623 2270 amice,
1670 2204 1806 2261 ciim
1873 2203 2157 2261 benevole
2202 2203 2373 2276 fiunt.

150 2282 271 2339 Sed
318 2281 527 2340 nescio
552 2283 853 2368 quomodo
890 2301 1101 2342 verum
1152 2296 1264 2353 est,
1308 2284 1468 2362 quod
1509 2282 1570 2342 in
1599 2283 1832 2342 Andria
1873 2280 2183 2341 familiaris
2209 2300 2383 2342 meus

148 2360 293 2419 dicit
316 2383 333 2418 ε
2420 2369 2485 2422 lo

416 2429 441 2456 ⁸
694 2443 1047 2515 Obsequium
1062 2444 1293 2509 amicos,
1315 2444 1542 2499 veritas
1565 2445 1754 2498 odium
1772 2445 1960 2511 parit.

145 2517 411 2577 Molesta
461 2519 695 2589 veritas,
742 2521 793 2579 si
840 2521 1085 2597 quidem
1111 2539 1189 2580 ex
1220 2540 1291 2580 ea
1340 2522 1602 2580 nascitur
1651 2522 1874 2589 odium,
1924 2521 2083 2598 quod
2130 2536 2223 2583 est
2267 2541 2376 2581 ve·

145 2614 372 2655 uenum
427 2597 746 2667 amicitiae3
806 2600 910 2655 sed
961 2599 1317 2688 obsequium
1369 2604 1563 2659 multo
1608 2601 1940 2672 molestius,
1977 2603 2137 2676 quod
2166 2620 2379 2680 pecca·

146 2675 226 2733 tis
252 2675 596 2766 indulgens,
622 2676 995 2753 praecipitcm
1016 2676 1276 2734 amicum
1300 2677 1450 2734 ferri
1480 2677 1666 2748 sinit;
1693 2681 1971 2772 ’maxima
2016 2695 2215 2739 autem
2253 2685 2379 2740 cul·

144 2752 309 2844 pain
339 2773 414 2813 eo
451 2766 561 2824 est,
603 2754 706 2831 qui
739 2761 789 2816 δι
841 2754 1148 2813 veritatem
1190 2755 1559 2828 aspernatur,
1600 2762 1649 2816 8:
1693 2757 1752 2813 in
1795 2755 2064 2818 fraudem
2092 2761 2381 2837 obsequio
2427 2767 2490 2819 15

151 2831 507 2928 impellitur.
589 2833 807 2892 Omnis
857 2832 1046 2924 igitur
1083 2833 1197 2890 hac
1250 2830 1310 2890 in
1360 2850 1425 2890 re
1465 2835 1734 2893 habenda
1777 2838 1924 2894 ratio
1981 2844 2029 2897 δι
2077 2838 2387 2916 diligentia

146 2925 278 2974 est.
346 2907 625 2987 ριίιιιιι·ιι,
673 2925 740 2972 ιιι
791 2912 1037 2970 monitio
1076 2910 1415 3002 acerbitate,
1456 2911 1669 2970 deinde
1714 2926 1782 2970 ut
1833 2915 2174 2992 objurgatio
2234 2937 2373 2974 con-

149 2993 407 3052 tumelia
449 3005 689 3051 careat:
746 2990 806 3051 in
856 2988 1145 3066 obsequio
1180 3001 1400 3059 autem,
1437 2990 1713 3087 quoniam
1784 2991 2147 3052 Teiemiano
2197 2997 2380 3066 verbo

145 3069 424 3129 lubenter
451 3075 696 3140 utimur,
722 3070 971 3128 comitas
996 3069 1193 3137 adsit3
1235 3070 1568 3138 assentatio,
1597 3069 1876 3128 vitiorum
1909 3071 2192 3146 adjutrix,
2242 3090 2378 3146 pro-

149 3153 248 3207 cul
296 3165 684 3209 amoveatur:
742 3170 871 3228 quae
922 3167 1035 3207 non
1082 3144 1261 3205 modo
1314 3147 1526 3219 amico,
1591 3149 1696 3205 sed
1743 3166 1819 3205 ne
1873 3150 2063 3207 libero
2127 3152 2370 3228 quidem
2412 3159 2484 3209 20

150 3227 328 3300 (ligna
356 3244 493 3287 est·
566 3231 739 3288 aliter
790 3230 951 3287 enim
996 3245 1135 3286 cum
1189 3238 1452 3303 tyranno,
1494 3227 1665 3285 aliter
1712 3245 1850 3286 cum
1898 3228 2089 3286 amico
2131 3231 2369 3289 vivitur.

147 3308 344 3397 Cujus
370 3323 568 3366 autem
613 3326 788 3368 aures
817 3308 1046 3367 veritati
1092 3309 1312 3366 clausae
1354 3318 1510 3374 sunt,
1553 3318 1619 3364 ut
1669 3311 1741 3366 ab
1780 3306 1970 3365 amico
2012 3327 2220 3367 verum
2271 3327 2377 3366 au-

146 3385 278 3444 dire
304 3399 578 3459 nequeat,
629 3387 809 3466 hujus
851 3390 1007 3445 salus
1056 3386 1442 3475 desperanda
1472 3398 1608 3454 est3
1651 3388 1866 3445 scitum
1896 3402 1988 3445 est
2042 3389 2202 3446 enim
2231 3388 2378 3446 illud

145 3466 409 3534 Catonis,
436 3478 502 3524 ut
554 3467 780 3525 multa·
837 3465 1065 3525 Melius
1102 3467 1176 3524 de
1227 3463 1578 3537 quibusdam
1627 3468 1871 3524 acerbos
1921 3466 2194 3525 inimicos
2247 3486 2375 3524 me-

149 3550 292 3617 reri,
340 3546 524 3619 quam
571 3565 681 3604 eos
725 3529 947 3602 amicos
995 3545 1096 3619 qui
1145 3545 1353 3604 dulces
1398 3543 1750 3614 videantur3
1791 3543 1928 3603 illos
1981 3563 2192 3606 verum
2218 3547 2488 3623 saepeae25

148 3624 371 3693 dicere,
427 3628 537 3682 hos
582 3642 903 3700 nunquam.
1003 3628 1207 3699 Atque
1257 3624 1405 3682 illud
1456 3624 1775 3682 absurdum
1803 3635 1913 3692 est,
1958 3627 2114 3700 quod
2160 3626 2226 3717 ii,
2273 3626 2376 3702 qui

150 3719 490 3771 monentur,
535 3722 665 3761 eam
738 3702 1089 3772 molestiam,
1135 3721 1309 3779 quam
1359 3702 1579 3761 debent
1647 3720 1882 3778 capere,
1923 3723 2041 3762 non
2098 3705 2375 3779 capiunt:

147 3799 279 3840 eam
304 3784 565 3859 capiunt,
604 3785 723 3856 qua
764 3783 980 3843 debent
1007 3799 1257 3848 vacare·
1295 3798 1578 3860 peccasse
1617 3781 1776 3837 enim
1806 3799 1870 3838 se
1901 3802 2016 3842 non
2063 3798 2379 3857 anguntur,

152 3860 458 3938 objurgari
485 3864 735 3924 moleste
772 3861 969 3921 ferunt
1045 3862 1206 3939 quod
1251 3873 1454 3920 contra
1504 3863 1831 3936 oportebat,
1880 3862 2099 3921 delicto
2146 3863 2372 3935 dolere,

148 3956 252 3996 cot
254 3941 516 3999 rectione
548 3944 830 4016 gaudere
2406 3953 2477 4005 :30

268 4020 479 4078 XXV,
521 4021 609 4079 Ut
660 4021 846 4097 igitur
897 4025 948 4079 δι
1000 4037 1266 4088 monere,
1319 4023 1370 4079 ac
1424 4017 1655 4078 moneri
1707 4020 2016 4097 proprium
2068 4032 2162 4079 est
2216 4041 2375 4083 verae

151 4096 470 4158 amicitiae·
514 4105 562 4158 ἃ
595 4102 847 4159 alterum
872 4100 1054 4160 libere
1086 4099 1312 4166 facere,
1336 4116 1453 4157 non
1493 4100 1738 4173 aspere3
1778 4105 2028 4157 alterum
2081 4101 2373 4174 patienter

151 4175 459 4249 accipere,
493 4197 608 4248 non
649 4193 1095 4253 repugnanter.
1160 4178 1248 4235 sic
1295 4177 1627 4236 babendum
1677 4190 1787 4245 est,
1838 4180 2061 4236 nullam
2119 4180 2179 4238 in
2227 4183 2375 4241 ami-

152 4250 309 4309 citiis
346 4268 574 4329 pestem
600 4275 734 4316 esse
763 4259 1073 4333 majorem,
1095 4260 1277 4334 quam
1318 4256 1733 4326 adulationem,
1770 4256 2127 4329 blanditiam,
2175 4278 2376 4319 assen-

151 4330 466 4404 tationem
527 4335 798 4412 quamvis
850 4334 1010 4395 enim
1058 4336 1266 4396 multis
1319 4334 1656 4393 nominibus
1703 4346 1796 4393 est
1843 4336 1951 4392 hoc
2000 4335 2211 4394 vitium
2269 4358 2373 4395 no·
2413 4349 2446 4398 ⁵

148 4411 415 4481 tandum,
460 4416 683 4476 levium
731 4416 1039 4475 hominum
1105 4431 1280 4508 atque
1355 4412 1674 4483 fallacium,
1735 4414 1806 4472 ad
1873 4415 2233 4473 voluntatem
2285 4418 2372 4473 lm

155 4489 461 4565 quendum
504 4495 721 4567 omnia,
764 4493 912 4553 nihil
960 4495 1032 4556 ad
1084 4497 1413 4556 veritatem
1493 4492 1654 4553 Cum
1703 4503 1906 4552 autem
1955 4494 2223 4554 omnium
2275 4512 2380 4552 re·-

2221 4591 2362 4636 rum
2450 4591 2454 4604 ⁴
