<?xml version="1.0" encoding="UTF-8"?>
<!DOCTYPE html PUBLIC "-//W3C//DTD XHTML 1.0 Transitional//EN"
    "http://www.w3.org/TR/xhtml1/DTD/xhtml1-transitional.dtd">
<html xmlns="http://www.w3.org/1999/xhtml" xml:lang="en" lang="en">
 <head>
  <title>
</title>
<meta http-equiv="Content-Type" content="text/html;charset=utf-8" />
  <meta name='ocr-system' content='tesseract 3.04.00' />
  <meta name='ocr-capabilities' content='ocr_page ocr_carea ocr_par ocr_line ocrx_word'/>
</head>
<body>
  <div class='ocr_page' id='page_1' title='image "./mtciceronisorat00merogoog/mtciceronisorat00merogoog_0595.png"; bbox 0 0 2875 4842; ppageno 0'>
   <div class='ocr_carea' id='block_1_1' title="bbox 408 180 2506 348">
    <p class='ocr_par' dir='ltr' id='par_1_1' title="bbox 408 180 2506 348">
     <span class='ocr_line' id='line_1_1' title="bbox 408 180 2506 348; baseline 0.002 -59"><span class='ocrx_word' id='word_1_1' title='bbox 408 223 444 232; x_wconf 67' lang='grc'><em>”</em></span> <span class='ocrx_word' id='word_1_2' title='bbox 1009 239 1097 291; x_wconf 72' lang='lat' dir='ltr'>br.</span> <span class='ocrx_word' id='word_1_3' title='bbox 1134 180 1675 348; x_wconf 36' lang='lat' dir='ltr'>SENEfiTUQR,</span> <span class='ocrx_word' id='word_1_4' title='bbox 1949 227 1962 240; x_wconf 81' lang='grc'><strong><em>’</em></strong></span> <span class='ocrx_word' id='word_1_5' title='bbox 2388 217 2506 304; x_wconf 61' lang='lat'>522</span> 
     </span>
    </p>
   </div>
   <div class='ocr_carea' id='block_1_2' title="bbox 132 381 2487 4538">
    <p class='ocr_par' dir='ltr' id='par_1_2' title="bbox 163 381 2380 528">
     <span class='ocr_line' id='line_1_2' title="bbox 163 381 2380 465; baseline 0.001 -21"><span class='ocrx_word' id='word_1_6' title='bbox 163 385 366 449; x_wconf 69' lang='lat' dir='ltr'>eiciunt</span> <span class='ocrx_word' id='word_1_7' title='bbox 412 384 591 446; x_wconf 85' lang='lat' dir='ltr'>etiam</span> <span class='ocrx_word' id='word_1_8' title='bbox 612 386 935 447; x_wconf 71' lang='lat' dir='ltr'>senectutis</span> <span class='ocrx_word' id='word_1_9' title='bbox 953 406 971 443; x_wconf 72' lang='grc' dir='ltr'><em>ε</em></span> <span class='ocrx_word' id='word_1_10' title='bbox 1000 388 1159 465; x_wconf 90' lang='lat' dir='ltr'>quod</span> <span class='ocrx_word' id='word_1_11' title='bbox 1178 403 1319 446; x_wconf 85' lang='lat' dir='ltr'>cum</span> <span class='ocrx_word' id='word_1_12' title='bbox 1342 387 1560 459; x_wconf 82' lang='lat' dir='ltr'>evenit,</span> <span class='ocrx_word' id='word_1_13' title='bbox 1576 384 1812 448; x_wconf 74' lang='lat' dir='ltr'>satietas</span> <span class='ocrx_word' id='word_1_14' title='bbox 1834 381 1974 444; x_wconf 74' lang='lat' dir='ltr'>vitae</span> <span class='ocrx_word' id='word_1_15' title='bbox 1993 393 2234 462; x_wconf 79' lang='lat' dir='ltr'>tempus</span> <span class='ocrx_word' id='word_1_16' title='bbox 2247 391 2380 447; x_wconf 60' lang='lat' dir='ltr'>ma.-</span> 
     </span>
     <span class='ocr_line' id='line_1_3' title="bbox 163 464 1872 528; baseline 0 -6"><span class='ocrx_word' id='word_1_17' title='bbox 163 477 364 524; x_wconf 88' lang='lat' dir='ltr'>turum</span> <span class='ocrx_word' id='word_1_18' title='bbox 391 464 593 524; x_wconf 83' lang='lat' dir='ltr'>mortis</span> <span class='ocrx_word' id='word_1_19' title='bbox 621 467 815 528; x_wconf 79' lang='lat' dir='ltr'>affert.</span> <span class='ocrx_word' id='word_1_20' title='bbox 1867 477 1872 481; x_wconf 81' lang='grc'><em>·</em></span> 
     </span>
    </p>

    <p class='ocr_par' dir='ltr' id='par_1_3' title="bbox 157 539 2371 777">
     <span class='ocr_line' id='line_1_4' title="bbox 243 539 2368 621; baseline -0.003 -20"><span class='ocrx_word' id='word_1_21' title='bbox 243 544 408 604; x_wconf 80' lang='lat' dir='ltr'>XXI.</span> <span class='ocrx_word' id='word_1_22' title='bbox 449 542 747 619; x_wconf 82' lang='lat' dir='ltr'>Equidem</span> <span class='ocrx_word' id='word_1_23' title='bbox 803 564 918 604; x_wconf 90' lang='lat' dir='ltr'>non</span> <span class='ocrx_word' id='word_1_24' title='bbox 963 544 1157 613; x_wconf 78' lang='lat' dir='ltr'>video,</span> <span class='ocrx_word' id='word_1_25' title='bbox 1197 563 1326 615; x_wconf 88' lang='lat' dir='ltr'>cur,</span> <span class='ocrx_word' id='word_1_26' title='bbox 1376 545 1519 621; x_wconf 91' lang='lat' dir='ltr'>quid</span> <span class='ocrx_word' id='word_1_27' title='bbox 1567 544 1696 619; x_wconf 88' lang='lat' dir='ltr'>ipse</span> <span class='ocrx_word' id='word_1_28' title='bbox 1740 539 1993 600; x_wconf 86' lang='lat' dir='ltr'>sentiam</span> <span class='ocrx_word' id='word_1_29' title='bbox 2037 541 2111 600; x_wconf 89' lang='lat' dir='ltr'>de</span> <span class='ocrx_word' id='word_1_30' title='bbox 2151 549 2368 612; x_wconf 83' lang='lat' dir='ltr'>morte,</span> 
     </span>
     <span class='ocr_line' id='line_1_5' title="bbox 159 618 2371 698; baseline -0.001 -22"><span class='ocrx_word' id='word_1_31' title='bbox 159 638 275 678; x_wconf 85' lang='lat' dir='ltr'>non</span> <span class='ocrx_word' id='word_1_32' title='bbox 300 624 543 681; x_wconf 83' lang='lat' dir='ltr'>audeam</span> <span class='ocrx_word' id='word_1_33' title='bbox 586 621 750 680; x_wconf 85' lang='lat' dir='ltr'>vobis</span> <span class='ocrx_word' id='word_1_34' title='bbox 800 625 1046 685; x_wconf 80' lang='lat' dir='ltr'><strong>dicere:</strong></span> <span class='ocrx_word' id='word_1_35' title='bbox 1087 625 1247 698; x_wconf 89' lang='lat' dir='ltr'>quod</span> <span class='ocrx_word' id='word_1_36' title='bbox 1291 641 1365 683; x_wconf 88' lang='lat' dir='ltr'>eo</span> <span class='ocrx_word' id='word_1_37' title='bbox 1410 620 1628 682; x_wconf 72' lang='lat' dir='ltr'>melius</span> <span class='ocrx_word' id='word_1_38' title='bbox 1659 620 1808 679; x_wconf 83' lang='lat' dir='ltr'>mihi</span> <span class='ocrx_word' id='word_1_39' title='bbox 1859 635 2107 676; x_wconf 88' lang='lat' dir='ltr'>cernere</span> <span class='ocrx_word' id='word_1_40' title='bbox 2142 618 2371 688; x_wconf 80' lang='lat' dir='ltr'>videor,</span> 
     </span>
     <span class='ocr_line' id='line_1_6' title="bbox 157 696 2370 777; baseline -0.001 -22"><span class='ocrx_word' id='word_1_41' title='bbox 157 716 276 773; x_wconf 88' lang='lat' dir='ltr'>quo</span> <span class='ocrx_word' id='word_1_42' title='bbox 300 703 371 759; x_wconf 84' lang='lat' dir='ltr'>ab</span> <span class='ocrx_word' id='word_1_43' title='bbox 411 699 482 758; x_wconf 65' lang='lat' dir='ltr'>ea</span> <span class='ocrx_word' id='word_1_44' title='bbox 509 700 755 777; x_wconf 87' lang='lat' dir='ltr'>propius</span> <span class='ocrx_word' id='word_1_45' title='bbox 790 704 1017 761; x_wconf 88' lang='lat' dir='ltr'>absum.</span> <span class='ocrx_word' id='word_1_46' title='bbox 1097 699 1263 777; x_wconf 67' lang='lat' dir='ltr'>Ergd</span> <span class='ocrx_word' id='word_1_47' title='bbox 1294 716 1521 764; x_wconf 82' lang='lat' dir='ltr'>vestros</span> <span class='ocrx_word' id='word_1_48' title='bbox 1548 713 1762 777; x_wconf 85' lang='lat' dir='ltr'>patres,</span> <span class='ocrx_word' id='word_1_49' title='bbox 1801 700 1863 758; x_wconf 86' lang='grc' dir='ltr'>Ρ.</span> <span class='ocrx_word' id='word_1_50' title='bbox 1897 696 2120 773; x_wconf 80' lang='lat' dir='ltr'><strong>Scipio,</strong></span> <span class='ocrx_word' id='word_1_51' title='bbox 2163 709 2370 773; x_wconf 88' lang='lat' dir='ltr'>tuque,</span> 
     </span>
    </p>

    <p class='ocr_par' dir='ltr' id='par_1_4' title="bbox 157 774 2364 859">
     <span class='ocr_line' id='line_1_7' title="bbox 157 774 2364 859; baseline -0.005 -20"><span class='ocrx_word' id='word_1_52' title='bbox 157 776 230 833; x_wconf 86' lang='lat' dir='ltr'>C·</span> <span class='ocrx_word' id='word_1_53' title='bbox 263 780 433 848; x_wconf 78' lang='lat' dir='ltr'>Laeli,</span> <span class='ocrx_word' id='word_1_54' title='bbox 472 778 631 838; x_wconf 85' lang='lat' dir='ltr'>viros</span> <span class='ocrx_word' id='word_1_55' title='bbox 682 781 1061 851; x_wconf 80' lang='lat' dir='ltr'>clarissimos,</span> <span class='ocrx_word' id='word_1_56' title='bbox 1108 781 1372 859; x_wconf 82' lang='lat' dir='ltr'>mihique</span> <span class='ocrx_word' id='word_1_57' title='bbox 1400 777 1813 850; x_wconf 80' lang='lat' dir='ltr'>amicissimos,</span> <span class='ocrx_word' id='word_1_58' title='bbox 1848 774 2049 836; x_wconf 86' lang='lat' dir='ltr'>vivere</span> <span class='ocrx_word' id='word_1_59' title='bbox 2077 774 2364 836; x_wconf 74' lang='lat' dir='ltr'>arbitror:</span> 
     </span>
    </p>

    <p class='ocr_par' dir='ltr' id='par_1_5' title="bbox 132 851 2487 1955">
     <span class='ocr_line' id='line_1_8' title="bbox 152 851 2441 936; baseline 0 -22"><span class='ocrx_word' id='word_1_60' title='bbox 152 860 207 914; x_wconf 64' lang='lat' dir='ltr'>a</span> <span class='ocrx_word' id='word_1_61' title='bbox 238 877 370 916; x_wconf 86' lang='lat' dir='ltr'>eam</span> <span class='ocrx_word' id='word_1_62' title='bbox 417 857 660 933; x_wconf 84' lang='lat' dir='ltr'>quidem</span> <span class='ocrx_word' id='word_1_63' title='bbox 683 861 882 928; x_wconf 82' lang='lat' dir='ltr'>vitam,</span> <span class='ocrx_word' id='word_1_64' title='bbox 931 879 1066 936; x_wconf 79' lang='lat' dir='ltr'>quoe</span> <span class='ocrx_word' id='word_1_65' title='bbox 1119 872 1212 918; x_wconf 83' lang='lat' dir='ltr'>est</span> <span class='ocrx_word' id='word_1_66' title='bbox 1248 862 1376 918; x_wconf 87' lang='lat' dir='ltr'>sola</span> <span class='ocrx_word' id='word_1_67' title='bbox 1418 855 1539 917; x_wconf 78' lang='lat' dir='ltr'>&#39;vita</span> <span class='ocrx_word' id='word_1_68' title='bbox 1577 856 1942 915; x_wconf 85' lang='lat' dir='ltr'>nominanda.</span> <span class='ocrx_word' id='word_1_69' title='bbox 2021 851 2367 923; x_wconf 65' lang='lat' dir='ltr'>Numnam</span> <span class='ocrx_word' id='word_1_70' title='bbox 2403 861 2441 914; x_wconf 75' lang='grc'>’5</span> 
     </span>
     <span class='ocr_line' id='line_1_9' title="bbox 150 934 2364 1014; baseline -0.002 -23"><span class='ocrx_word' id='word_1_71' title='bbox 150 952 363 994; x_wconf 84' lang='lat' dir='ltr'>sumus</span> <span class='ocrx_word' id='word_1_72' title='bbox 382 938 443 996; x_wconf 89' lang='lat' dir='ltr'>in</span> <span class='ocrx_word' id='word_1_73' title='bbox 470 936 562 993; x_wconf 85' lang='lat' dir='ltr'>his</span> <span class='ocrx_word' id='word_1_74' title='bbox 586 936 800 994; x_wconf 86' lang='lat' dir='ltr'>inclusi</span> <span class='ocrx_word' id='word_1_75' title='bbox 826 938 1210 1014; x_wconf 76' lang='lat' dir='ltr'>compagibus</span> <span class='ocrx_word' id='word_1_76' title='bbox 1249 937 1535 1013; x_wconf 84' lang='lat' dir='ltr'>corporis,</span> <span class='ocrx_word' id='word_1_77' title='bbox 1563 953 1809 994; x_wconf 89' lang='lat' dir='ltr'>munere</span> <span class='ocrx_word' id='word_1_78' title='bbox 1851 934 2109 1011; x_wconf 82' lang='lat' dir='ltr'>quodam</span> <span class='ocrx_word' id='word_1_79' title='bbox 2154 949 2364 990; x_wconf 86' lang='lat' dir='ltr'>neces·</span> 
     </span>
     <span class='ocr_line' id='line_1_10' title="bbox 158 1010 2373 1093; baseline -0.001 -24"><span class='ocrx_word' id='word_1_80' title='bbox 158 1011 371 1086; x_wconf 80' lang='lat' dir='ltr'>sitatis,</span> <span class='ocrx_word' id='word_1_81' title='bbox 401 1021 451 1074; x_wconf 72' lang='lat'>8:</span> <span class='ocrx_word' id='word_1_82' title='bbox 479 1016 644 1089; x_wconf 83' lang='lat' dir='ltr'>gravi</span> <span class='ocrx_word' id='word_1_83' title='bbox 686 1033 869 1090; x_wconf 86' lang='lat' dir='ltr'>opere</span> <span class='ocrx_word' id='word_1_84' title='bbox 896 1018 1350 1093; x_wconf 82' lang='lat' dir='ltr'>perfungimur;</span> <span class='ocrx_word' id='word_1_85' title='bbox 1392 1031 1482 1073; x_wconf 81' lang='lat' dir='ltr'>est</span> <span class='ocrx_word' id='word_1_86' title='bbox 1511 1014 1670 1072; x_wconf 88' lang='lat' dir='ltr'>enim</span> <span class='ocrx_word' id='word_1_87' title='bbox 1698 1015 1932 1071; x_wconf 83' lang='lat' dir='ltr'>animus</span> <span class='ocrx_word' id='word_1_88' title='bbox 1982 1010 2244 1071; x_wconf 87' lang='lat' dir='ltr'>coelestis</span> <span class='ocrx_word' id='word_1_89' title='bbox 2291 1026 2373 1067; x_wconf 84' lang='lat' dir='ltr'>ex</span> 
     </span>
     <span class='ocr_line' id='line_1_11' title="bbox 157 1092 2375 1172; baseline -0 -25"><span class='ocrx_word' id='word_1_90' title='bbox 157 1092 449 1153; x_wconf 76' lang='lat' dir='ltr'>altissimo</span> <span class='ocrx_word' id='word_1_91' title='bbox 474 1092 771 1151; x_wconf 88' lang='lat' dir='ltr'>domicilio</span> <span class='ocrx_word' id='word_1_92' title='bbox 800 1096 1120 1171; x_wconf 84' lang='lat' dir='ltr'>depressus</span> <span class='ocrx_word' id='word_1_93' title='bbox 1148 1101 1199 1154; x_wconf 74' lang='grc' dir='ltr'>δι</span> <span class='ocrx_word' id='word_1_94' title='bbox 1226 1096 1395 1172; x_wconf 86' lang='lat' dir='ltr'>quasi</span> <span class='ocrx_word' id='word_1_95' title='bbox 1434 1096 1746 1152; x_wconf 85' lang='lat' dir='ltr'>demersus</span> <span class='ocrx_word' id='word_1_96' title='bbox 1792 1093 1852 1151; x_wconf 88' lang='lat' dir='ltr'>in</span> <span class='ocrx_word' id='word_1_97' title='bbox 1889 1108 2127 1156; x_wconf 86' lang='lat' dir='ltr'>terram,</span> <span class='ocrx_word' id='word_1_98' title='bbox 2172 1092 2375 1148; x_wconf 82' lang='lat' dir='ltr'>locum</span> 
     </span>
     <span class='ocr_line' id='line_1_12' title="bbox 149 1166 2375 1249; baseline -0.001 -24"><span class='ocrx_word' id='word_1_99' title='bbox 149 1167 368 1234; x_wconf 82' lang='lat' dir='ltr'>divinae</span> <span class='ocrx_word' id='word_1_100' title='bbox 431 1187 653 1230; x_wconf 80' lang='lat' dir='ltr'>naturae</span> <span class='ocrx_word' id='word_1_101' title='bbox 722 1175 1147 1249; x_wconf 81' lang='lat' dir='ltr'>aeternitatique</span> <span class='ocrx_word' id='word_1_102' title='bbox 1208 1174 1587 1234; x_wconf 83' lang='lat' dir='ltr'>contrarium.</span> <span class='ocrx_word' id='word_1_103' title='bbox 1666 1171 1786 1228; x_wconf 87' lang='lat' dir='ltr'>Sed</span> <span class='ocrx_word' id='word_1_104' title='bbox 1835 1172 2015 1229; x_wconf 87' lang='lat' dir='ltr'>credo</span> <span class='ocrx_word' id='word_1_105' title='bbox 2057 1171 2223 1227; x_wconf 87' lang='lat' dir='ltr'>Deos</span> <span class='ocrx_word' id='word_1_106' title='bbox 2263 1166 2375 1223; x_wconf 88' lang='lat' dir='ltr'>im-</span> 
     </span>
     <span class='ocr_line' id='line_1_13' title="bbox 151 1247 2487 1332; baseline -0 -28"><span class='ocrx_word' id='word_1_107' title='bbox 151 1253 436 1310; x_wconf 84' lang='lat' dir='ltr'>mortales</span> <span class='ocrx_word' id='word_1_108' title='bbox 463 1249 749 1325; x_wconf 83' lang='lat' dir='ltr'>sparsisse</span> <span class='ocrx_word' id='word_1_109' title='bbox 775 1253 1002 1311; x_wconf 79' lang='lat' dir='ltr'>animos</span> <span class='ocrx_word' id='word_1_110' title='bbox 1029 1253 1088 1310; x_wconf 91' lang='lat' dir='ltr'>in</span> <span class='ocrx_word' id='word_1_111' title='bbox 1116 1271 1365 1332; x_wconf 82' lang='lat' dir='ltr'>corpora</span> <span class='ocrx_word' id='word_1_112' title='bbox 1405 1257 1677 1316; x_wconf 82' lang='lat' dir='ltr'>bumana,</span> <span class='ocrx_word' id='word_1_113' title='bbox 1707 1263 1771 1307; x_wconf 89' lang='lat' dir='ltr'>ut</span> <span class='ocrx_word' id='word_1_114' title='bbox 1797 1264 2017 1318; x_wconf 88' lang='lat' dir='ltr'>essent,</span> <span class='ocrx_word' id='word_1_115' title='bbox 2051 1247 2156 1325; x_wconf 88' lang='lat' dir='ltr'>qui</span> <span class='ocrx_word' id='word_1_116' title='bbox 2182 1259 2370 1304; x_wconf 81' lang='lat' dir='ltr'>terras</span> <span class='ocrx_word' id='word_1_117' title='bbox 2415 1247 2487 1323; x_wconf 77' lang='lat'>¹0.</span> 
     </span>
     <span class='ocr_line' id='line_1_14' title="bbox 147 1323 2370 1405; baseline -0 -23"><span class='ocrx_word' id='word_1_118' title='bbox 147 1323 482 1399; x_wconf 76' lang='lat' dir='ltr'>tuerentur,</span> <span class='ocrx_word' id='word_1_119' title='bbox 524 1328 745 1405; x_wconf 88' lang='lat' dir='ltr'>quique</span> <span class='ocrx_word' id='word_1_120' title='bbox 783 1333 1133 1398; x_wconf 61' lang='lat' dir='ltr'>‚coelestiuxn</span> <span class='ocrx_word' id='word_1_121' title='bbox 1174 1334 1444 1392; x_wconf 79' lang='lat' dir='ltr'>ordinem</span> <span class='ocrx_word' id='word_1_122' title='bbox 1485 1332 1972 1403; x_wconf 76' lang='lat' dir='ltr'>contemplantes,</span> <span class='ocrx_word' id='word_1_123' title='bbox 1999 1328 2370 1387; x_wconf 88' lang='lat' dir='ltr'>imitarentur</span> 
     </span>
     <span class='ocr_line' id='line_1_15' title="bbox 145 1405 2378 1493; baseline 0.001 -33"><span class='ocrx_word' id='word_1_124' title='bbox 145 1421 293 1464; x_wconf 89' lang='lat' dir='ltr'>eum</span> <span class='ocrx_word' id='word_1_125' title='bbox 316 1408 453 1469; x_wconf 80' lang='lat' dir='ltr'>vitae</span> <span class='ocrx_word' id='word_1_126' title='bbox 493 1408 670 1465; x_wconf 89' lang='lat' dir='ltr'>modo</span> <span class='ocrx_word' id='word_1_127' title='bbox 695 1423 870 1488; x_wconf 84' lang='lat' dir='ltr'>atque</span> <span class='ocrx_word' id='word_1_128' title='bbox 898 1412 1261 1480; x_wconf 67' lang='lat' dir='ltr'>constantia:</span> <span class='ocrx_word' id='word_1_129' title='bbox 1298 1407 1411 1469; x_wconf 76' lang='lat' dir='ltr'>nec</span> <span class='ocrx_word' id='word_1_130' title='bbox 1461 1427 1558 1466; x_wconf 88' lang='lat' dir='ltr'>me</span> <span class='ocrx_word' id='word_1_131' title='bbox 1606 1408 1800 1465; x_wconf 84' lang='lat' dir='ltr'>solum</span> <span class='ocrx_word' id='word_1_132' title='bbox 1846 1407 1993 1466; x_wconf 84' lang='lat' dir='ltr'>ratio</span> <span class='ocrx_word' id='word_1_133' title='bbox 2017 1427 2085 1465; x_wconf 85' lang='lat' dir='ltr'>ac</span> <span class='ocrx_word' id='word_1_134' title='bbox 2113 1405 2378 1493; x_wconf 62' lang='lat' dir='ltr'>disputai</span> 
     </span>
     <span class='ocr_line' id='line_1_16' title="bbox 146 1481 2370 1562; baseline 0.001 -23"><span class='ocrx_word' id='word_1_135' title='bbox 146 1481 235 1540; x_wconf 71' lang='lat' dir='ltr'>tio</span> <span class='ocrx_word' id='word_1_136' title='bbox 255 1484 514 1562; x_wconf 81' lang='lat' dir='ltr'>impulit,</span> <span class='ocrx_word' id='word_1_137' title='bbox 539 1499 606 1544; x_wconf 84' lang='lat' dir='ltr'>ut</span> <span class='ocrx_word' id='word_1_138' title='bbox 632 1484 715 1545; x_wconf 88' lang='lat' dir='ltr'>ita</span> <span class='ocrx_word' id='word_1_139' title='bbox 754 1490 1108 1555; x_wconf 84' lang='lat' dir='ltr'>crederem;</span> <span class='ocrx_word' id='word_1_140' title='bbox 1150 1494 1254 1549; x_wconf 87' lang='lat' dir='ltr'>sed</span> <span class='ocrx_word' id='word_1_141' title='bbox 1296 1487 1567 1547; x_wconf 72' lang='lat' dir='ltr'>nobilitas</span> <span class='ocrx_word' id='word_1_142' title='bbox 1592 1486 1774 1544; x_wconf 82' lang='lat' dir='ltr'>etiam</span> <span class='ocrx_word' id='word_1_143' title='bbox 1819 1503 2192 1545; x_wconf 87' lang='lat' dir='ltr'>summorum</span> <span class='ocrx_word' id='word_1_144' title='bbox 2237 1486 2370 1558; x_wconf 78' lang='lat' dir='ltr'>phi-</span> 
     </span>
     <span class='ocr_line' id='line_1_17' title="bbox 145 1558 2362 1642; baseline 0 -22"><span class='ocrx_word' id='word_1_145' title='bbox 145 1558 536 1639; x_wconf 79' lang='lat' dir='ltr'>losophorum</span> <span class='ocrx_word' id='word_1_146' title='bbox 578 1569 628 1622; x_wconf 74' lang='grc' dir='ltr'>δι</span> <span class='ocrx_word' id='word_1_147' title='bbox 671 1566 1002 1626; x_wconf 78' lang='lat' dir='ltr'>auctoritas.</span> <span class='ocrx_word' id='word_1_148' title='bbox 1085 1570 1421 1632; x_wconf 65' lang='lat' dir='ltr'>Audit-bam</span> <span class='ocrx_word' id='word_1_149' title='bbox 1465 1569 1881 1642; x_wconf 74' lang='lat' dir='ltr'>Pythagoram,</span> <span class='ocrx_word' id='word_1_150' title='bbox 1930 1567 2362 1641; x_wconf 82' lang='lat' dir='ltr'>Pythagoreos·</span> 
     </span>
     <span class='ocr_line' id='line_1_18' title="bbox 149 1641 2484 1723; baseline -0.001 -21"><span class='ocrx_word' id='word_1_151' title='bbox 149 1655 295 1714; x_wconf 83' lang='lat' dir='ltr'>que,</span> <span class='ocrx_word' id='word_1_152' title='bbox 318 1645 542 1702; x_wconf 81' lang='lat' dir='ltr'>incolas</span> <span class='ocrx_word' id='word_1_153' title='bbox 566 1645 730 1719; x_wconf 63' lang='lat' dir='ltr'>prend</span> <span class='ocrx_word' id='word_1_154' title='bbox 760 1660 1009 1717; x_wconf 77' lang='lat' dir='ltr'>nostros,</span> <span class='ocrx_word' id='word_1_155' title='bbox 1058 1650 1161 1723; x_wconf 89' lang='lat' dir='ltr'>qui</span> <span class='ocrx_word' id='word_1_156' title='bbox 1208 1661 1409 1707; x_wconf 83' lang='lat' dir='ltr'>essent</span> <span class='ocrx_word' id='word_1_157' title='bbox 1453 1644 1646 1705; x_wconf 79' lang='lat' dir='ltr'>Italici</span> <span class='ocrx_word' id='word_1_158' title='bbox 1686 1642 2020 1720; x_wconf 76' lang='lat' dir='ltr'>philosophi</span> <span class='ocrx_word' id='word_1_159' title='bbox 2070 1641 2370 1719; x_wconf 79' lang='lat' dir='ltr'>quondam</span> <span class='ocrx_word' id='word_1_160' title='bbox 2414 1647 2484 1699; x_wconf 79' lang='lat'>15</span> 
     </span>
     <span class='ocr_line' id='line_1_19' title="bbox 146 1720 2370 1805; baseline 0 -28"><span class='ocrx_word' id='word_1_161' title='bbox 146 1721 453 1790; x_wconf 72' lang='lat' dir='ltr'>nominati,</span> <span class='ocrx_word' id='word_1_162' title='bbox 496 1741 797 1799; x_wconf 80' lang='lat' dir='ltr'>nunquam</span> <span class='ocrx_word' id='word_1_163' title='bbox 841 1725 1158 1794; x_wconf 78' lang='lat' dir='ltr'>dubitasse,</span> <span class='ocrx_word' id='word_1_164' title='bbox 1199 1728 1343 1805; x_wconf 88' lang='lat' dir='ltr'>quin</span> <span class='ocrx_word' id='word_1_165' title='bbox 1380 1745 1460 1784; x_wconf 75' lang='lat' dir='ltr'>ex</span> <span class='ocrx_word' id='word_1_166' title='bbox 1487 1724 1767 1781; x_wconf 65' lang='lat' dir='ltr'>universa</span> <span class='ocrx_word' id='word_1_167' title='bbox 1801 1737 2004 1782; x_wconf 80' lang='lat' dir='ltr'>mento</span> <span class='ocrx_word' id='word_1_168' title='bbox 2039 1721 2240 1781; x_wconf 60' lang='lat' dir='ltr'>divini</span> <span class='ocrx_word' id='word_1_169' title='bbox 2266 1720 2370 1778; x_wconf 88' lang='lat' dir='ltr'>de-</span> 
     </span>
     <span class='ocr_line' id='line_1_20' title="bbox 132 1794 2367 1876; baseline 0.001 -20"><span class='ocrx_word' id='word_1_170' title='bbox 132 1794 358 1858; x_wconf 76' lang='lat' dir='ltr'>libatos</span> <span class='ocrx_word' id='word_1_171' title='bbox 398 1800 627 1859; x_wconf 83' lang='lat' dir='ltr'>animos</span> <span class='ocrx_word' id='word_1_172' title='bbox 668 1805 1019 1862; x_wconf 84' lang='lat' dir='ltr'>haberemus</span> <span class='ocrx_word' id='word_1_173' title='bbox 1041 1826 1058 1861; x_wconf 70' lang='grc' dir='ltr'>ι</span> <span class='ocrx_word' id='word_1_174' title='bbox 1118 1805 1665 1866; x_wconf 74' lang='lat' dir='ltr'>demonstrabantur</span> <span class='ocrx_word' id='word_1_175' title='bbox 1713 1802 1863 1860; x_wconf 85' lang='lat' dir='ltr'>mihi</span> <span class='ocrx_word' id='word_1_176' title='bbox 1907 1801 2180 1876; x_wconf 75' lang='lat' dir='ltr'>preterea</span> <span class='ocrx_word' id='word_1_177' title='bbox 2228 1817 2367 1876; x_wconf 76' lang='lat' dir='ltr'>quae</span> 
     </span>
     <span class='ocr_line' id='line_1_21' title="bbox 142 1874 2369 1955; baseline 0.001 -20"><span class='ocrx_word' id='word_1_178' title='bbox 142 1874 423 1938; x_wconf 88' lang='lat' dir='ltr'>Socrates</span> <span class='ocrx_word' id='word_1_179' title='bbox 451 1897 733 1955; x_wconf 87' lang='lat' dir='ltr'>supremo</span> <span class='ocrx_word' id='word_1_180' title='bbox 754 1882 890 1941; x_wconf 77' lang='lat' dir='ltr'>vitae</span> <span class='ocrx_word' id='word_1_181' title='bbox 916 1881 1011 1940; x_wconf 85' lang='lat' dir='ltr'>die</span> <span class='ocrx_word' id='word_1_182' title='bbox 1031 1883 1105 1942; x_wconf 85' lang='lat' dir='ltr'>de</span> <span class='ocrx_word' id='word_1_183' title='bbox 1124 1881 1558 1944; x_wconf 78' lang='lat' dir='ltr'>immortalitate</span> <span class='ocrx_word' id='word_1_184' title='bbox 1600 1880 1936 1940; x_wconf 82' lang='lat' dir='ltr'>animorum</span> <span class='ocrx_word' id='word_1_185' title='bbox 1960 1877 2369 1948; x_wconf 67' lang='lat' dir='ltr'>disseruisset,</span> 
     </span>
    </p>

    <p class='ocr_par' dir='ltr' id='par_1_6' title="bbox 139 1950 2484 2428">
     <span class='ocr_line' id='line_1_22' title="bbox 141 1950 2365 2039; baseline 0.001 -29"><span class='ocrx_word' id='word_1_186' title='bbox 141 1950 218 2021; x_wconf 78' lang='lat' dir='ltr'>is,</span> <span class='ocrx_word' id='word_1_187' title='bbox 241 1958 350 2032; x_wconf 85' lang='lat' dir='ltr'>qui</span> <span class='ocrx_word' id='word_1_188' title='bbox 393 1973 555 2017; x_wconf 85' lang='lat' dir='ltr'>esset</span> <span class='ocrx_word' id='word_1_189' title='bbox 596 1960 866 2020; x_wconf 87' lang='lat' dir='ltr'>omnium</span> <span class='ocrx_word' id='word_1_190' title='bbox 917 1960 1386 2036; x_wconf 84' lang='lat' dir='ltr'>sapientissimus</span> <span class='ocrx_word' id='word_1_191' title='bbox 1422 1960 1663 2019; x_wconf 89' lang='lat' dir='ltr'>oraculo</span> <span class='ocrx_word' id='word_1_192' title='bbox 1705 1958 2001 2034; x_wconf 80' lang='lat' dir='ltr'>Apollinis</span> <span class='ocrx_word' id='word_1_193' title='bbox 2046 1957 2365 2039; x_wconf 86' lang='lat' dir='ltr'>judicatus.</span> 
     </span>
     <span class='ocr_line' id='line_1_23' title="bbox 144 2030 2484 2115; baseline 0.002 -24"><span class='ocrx_word' id='word_1_194' title='bbox 144 2030 313 2103; x_wconf 86' lang='lat' dir='ltr'>Quid</span> <span class='ocrx_word' id='word_1_195' title='bbox 334 2036 564 2095; x_wconf 83' lang='lat' dir='ltr'>multa?</span> <span class='ocrx_word' id='word_1_196' title='bbox 598 2037 686 2095; x_wconf 90' lang='lat' dir='ltr'>sic</span> <span class='ocrx_word' id='word_1_197' title='bbox 714 2038 863 2097; x_wconf 87' lang='lat' dir='ltr'>mibi</span> <span class='ocrx_word' id='word_1_198' title='bbox 887 2039 1174 2115; x_wconf 84' lang='lat' dir='ltr'>persuasi,</span> <span class='ocrx_word' id='word_1_199' title='bbox 1200 2040 1287 2098; x_wconf 89' lang='lat' dir='ltr'>sic</span> <span class='ocrx_word' id='word_1_200' title='bbox 1313 2038 1526 2106; x_wconf 83' lang='lat' dir='ltr'>sentio,</span> <span class='ocrx_word' id='word_1_201' title='bbox 1550 2034 1686 2095; x_wconf 73' lang='lat' dir='ltr'>etim</span> <span class='ocrx_word' id='word_1_202' title='bbox 1735 2049 1895 2096; x_wconf 82' lang='lat' dir='ltr'>tanta</span> <span class='ocrx_word' id='word_1_203' title='bbox 1929 2037 2204 2097; x_wconf 75' lang='lat' dir='ltr'>celeritas</span> <span class='ocrx_word' id='word_1_204' title='bbox 2246 2035 2368 2095; x_wconf 77' lang='lat' dir='ltr'>ani·</span> <span class='ocrx_word' id='word_1_205' title='bbox 2406 2041 2484 2114; x_wconf 73' lang='lat'>29</span> 
     </span>
     <span class='ocr_line' id='line_1_24' title="bbox 139 2113 2365 2199; baseline 0.002 -29"><span class='ocrx_word' id='word_1_206' title='bbox 139 2126 386 2199; x_wconf 62' lang='lat' dir='ltr'>tuorum</span> <span class='ocrx_word' id='word_1_207' title='bbox 432 2113 528 2184; x_wconf 86' lang='lat' dir='ltr'>sit,</span> <span class='ocrx_word' id='word_1_208' title='bbox 577 2129 732 2175; x_wconf 84' lang='lat' dir='ltr'>tanta</span> <span class='ocrx_word' id='word_1_209' title='bbox 758 2117 1047 2178; x_wconf 85' lang='lat' dir='ltr'>memoria</span> <span class='ocrx_word' id='word_1_210' title='bbox 1098 2117 1559 2193; x_wconf 82' lang='lat' dir='ltr'>praeteritorum,</span> <span class='ocrx_word' id='word_1_211' title='bbox 1607 2115 2060 2190; x_wconf 79' lang='lat' dir='ltr'>futurorumque</span> <span class='ocrx_word' id='word_1_212' title='bbox 2107 2115 2365 2189; x_wconf 86' lang='lat' dir='ltr'>pruden-</span> 
     </span>
     <span class='ocr_line' id='line_1_25' title="bbox 142 2195 2363 2269; baseline -0.003 -11"><span class='ocrx_word' id='word_1_213' title='bbox 142 2199 246 2258; x_wconf 75' lang='lat' dir='ltr'>tut,</span> <span class='ocrx_word' id='word_1_214' title='bbox 297 2204 385 2252; x_wconf 84' lang='lat' dir='ltr'>tot</span> <span class='ocrx_word' id='word_1_215' title='bbox 427 2207 605 2266; x_wconf 80' lang='lat' dir='ltr'>artes,</span> <span class='ocrx_word' id='word_1_216' title='bbox 651 2209 823 2257; x_wconf 66' lang='lat' dir='ltr'>tante</span> <span class='ocrx_word' id='word_1_217' title='bbox 865 2195 1150 2265; x_wconf 73' lang='lat' dir='ltr'>scientiae,</span> <span class='ocrx_word' id='word_1_218' title='bbox 1195 2211 1280 2256; x_wconf 87' lang='lat' dir='ltr'>tot</span> <span class='ocrx_word' id='word_1_219' title='bbox 1324 2196 1582 2260; x_wconf 78' lang='lat' dir='ltr'>inventa,</span> <span class='ocrx_word' id='word_1_220' title='bbox 1627 2211 1746 2252; x_wconf 89' lang='lat' dir='ltr'>non</span> <span class='ocrx_word' id='word_1_221' title='bbox 1794 2211 1969 2269; x_wconf 84' lang='lat' dir='ltr'>posse</span> <span class='ocrx_word' id='word_1_222' title='bbox 2009 2211 2145 2252; x_wconf 82' lang='lat' dir='ltr'>eam</span> <span class='ocrx_word' id='word_1_223' title='bbox 2190 2207 2363 2251; x_wconf 87' lang='lat' dir='ltr'>natu-</span> 
     </span>
     <span class='ocr_line' id='line_1_26' title="bbox 142 2271 2363 2354; baseline -0 -26"><span class='ocrx_word' id='word_1_224' title='bbox 142 2281 291 2340; x_wconf 79' lang='lat' dir='ltr'>ram,</span> <span class='ocrx_word' id='word_1_225' title='bbox 316 2291 457 2349; x_wconf 82' lang='lat' dir='ltr'>quae</span> <span class='ocrx_word' id='word_1_226' title='bbox 491 2290 587 2331; x_wconf 83' lang='lat' dir='ltr'>res</span> <span class='ocrx_word' id='word_1_227' title='bbox 611 2291 713 2331; x_wconf 82' lang='lat' dir='ltr'>eas</span> <span class='ocrx_word' id='word_1_228' title='bbox 734 2275 1046 2345; x_wconf 85' lang='lat' dir='ltr'>contineat,</span> <span class='ocrx_word' id='word_1_229' title='bbox 1097 2275 1231 2333; x_wconf 81' lang='lat' dir='ltr'>esse</span> <span class='ocrx_word' id='word_1_230' title='bbox 1254 2276 1569 2354; x_wconf 77' lang='lat' dir='ltr'>mortalem</span> <span class='ocrx_word' id='word_1_231' title='bbox 1596 2295 1614 2343; x_wconf 71' lang='grc' dir='ltr'>ς</span> <span class='ocrx_word' id='word_1_232' title='bbox 1660 2272 1919 2348; x_wconf 70' lang='lat' dir='ltr'>cumque</span> <span class='ocrx_word' id='word_1_233' title='bbox 1968 2288 2209 2347; x_wconf 87' lang='lat' dir='ltr'>semper</span> <span class='ocrx_word' id='word_1_234' title='bbox 2233 2271 2363 2346; x_wconf 67' lang='lat' dir='ltr'>agi-</span> 
     </span>
     <span class='ocr_line' id='line_1_27' title="bbox 142 2351 2372 2428; baseline 0.003 -23"><span class='ocrx_word' id='word_1_235' title='bbox 142 2357 305 2407; x_wconf 81' lang='lat' dir='ltr'>tetur</span> <span class='ocrx_word' id='word_1_236' title='bbox 328 2353 577 2420; x_wconf 84' lang='lat' dir='ltr'>animus,</span> <span class='ocrx_word' id='word_1_237' title='bbox 601 2369 713 2426; x_wconf 81' lang='lat' dir='ltr'>nec</span> <span class='ocrx_word' id='word_1_238' title='bbox 767 2352 1126 2428; x_wconf 86' lang='lat' dir='ltr'>principium</span> <span class='ocrx_word' id='word_1_239' title='bbox 1153 2353 1353 2413; x_wconf 72' lang='lat' dir='ltr'>motus</span> <span class='ocrx_word' id='word_1_240' title='bbox 1408 2355 1636 2422; x_wconf 81' lang='lat' dir='ltr'>habeat,</span> <span class='ocrx_word' id='word_1_241' title='bbox 1679 2351 1817 2427; x_wconf 85' lang='lat' dir='ltr'>quia</span> <span class='ocrx_word' id='word_1_242' title='bbox 1844 2368 1909 2410; x_wconf 89' lang='lat' dir='ltr'>se</span> <span class='ocrx_word' id='word_1_243' title='bbox 1936 2351 2068 2425; x_wconf 88' lang='lat' dir='ltr'>ipse</span> <span class='ocrx_word' id='word_1_244' title='bbox 2117 2361 2372 2422; x_wconf 80' lang='lat' dir='ltr'>moveat,</span> 
     </span>
    </p>

    <p class='ocr_par' dir='ltr' id='par_1_7' title="bbox 135 2427 2487 3038">
     <span class='ocr_line' id='line_1_28' title="bbox 140 2427 2477 2509; baseline 0 -24"><span class='ocrx_word' id='word_1_245' title='bbox 140 2440 219 2481; x_wconf 76' lang='lat' dir='ltr'>ne</span> <span class='ocrx_word' id='word_1_246' title='bbox 248 2427 429 2489; x_wconf 80' lang='lat' dir='ltr'>finem</span> <span class='ocrx_word' id='word_1_247' title='bbox 455 2429 698 2506; x_wconf 89' lang='lat' dir='ltr'>quidem</span> <span class='ocrx_word' id='word_1_248' title='bbox 727 2434 1062 2491; x_wconf 83' lang='lat' dir='ltr'>habitururn</span> <span class='ocrx_word' id='word_1_249' title='bbox 1108 2450 1241 2492; x_wconf 86' lang='lat' dir='ltr'>esse</span> <span class='ocrx_word' id='word_1_250' title='bbox 1270 2433 1486 2502; x_wconf 69' lang='lat' dir='ltr'>motus,</span> <span class='ocrx_word' id='word_1_251' title='bbox 1533 2431 1637 2509; x_wconf 89' lang='lat' dir='ltr'>qui</span> <span class='ocrx_word' id='word_1_252' title='bbox 1665 2430 1968 2507; x_wconf 64' lang='lat' dir='ltr'>nunquam</span> <span class='ocrx_word' id='word_1_253' title='bbox 1993 2446 2062 2487; x_wconf 89' lang='lat' dir='ltr'>se</span> <span class='ocrx_word' id='word_1_254' title='bbox 2105 2427 2238 2504; x_wconf 86' lang='lat' dir='ltr'>ipse</span> <span class='ocrx_word' id='word_1_255' title='bbox 2285 2428 2365 2488; x_wconf 84' lang='lat' dir='ltr'>sit</span> <span class='ocrx_word' id='word_1_256' title='bbox 2403 2434 2477 2502; x_wconf 56' lang='lat'>25</span> 
     </span>
     <span class='ocr_line' id='line_1_29' title="bbox 142 2505 2367 2585; baseline 0.004 -25"><span class='ocrx_word' id='word_1_257' title='bbox 142 2505 512 2577; x_wconf 69' lang='lat' dir='ltr'>relicturus,</span> <span class='ocrx_word' id='word_1_258' title='bbox 552 2513 625 2576; x_wconf 66' lang='lat' dir='ltr'>a,</span> <span class='ocrx_word' id='word_1_259' title='bbox 650 2508 787 2567; x_wconf 71' lang='lat' dir='ltr'>cum</span> <span class='ocrx_word' id='word_1_260' title='bbox 815 2509 1073 2585; x_wconf 80' lang='lat' dir='ltr'>simplex</span> <span class='ocrx_word' id='word_1_261' title='bbox 1118 2510 1298 2569; x_wconf 87' lang='lat' dir='ltr'>animi</span> <span class='ocrx_word' id='word_1_262' title='bbox 1324 2525 1528 2570; x_wconf 84' lang='lat' dir='ltr'>natura</span> <span class='ocrx_word' id='word_1_263' title='bbox 1563 2523 1745 2578; x_wconf 83' lang='lat' dir='ltr'>esset,</span> <span class='ocrx_word' id='word_1_264' title='bbox 1790 2527 1985 2585; x_wconf 87' lang='lat' dir='ltr'>neque</span> <span class='ocrx_word' id='word_1_265' title='bbox 2013 2510 2257 2568; x_wconf 85' lang='lat' dir='ltr'>haberet</span> <span class='ocrx_word' id='word_1_266' title='bbox 2301 2508 2367 2569; x_wconf 83' lang='lat' dir='ltr'>in</span> 
     </span>
     <span class='ocr_line' id='line_1_30' title="bbox 135 2585 2366 2676; baseline 0.004 -39"><span class='ocrx_word' id='word_1_267' title='bbox 135 2599 212 2656; x_wconf 78' lang='lat' dir='ltr'>se</span> <span class='ocrx_word' id='word_1_268' title='bbox 235 2585 555 2661; x_wconf 79' lang='lat' dir='ltr'>quidquam</span> <span class='ocrx_word' id='word_1_269' title='bbox 585 2585 901 2644; x_wconf 86' lang='lat' dir='ltr'>admistum</span> <span class='ocrx_word' id='word_1_270' title='bbox 928 2589 1127 2664; x_wconf 83' lang='lat' dir='ltr'>dispar</span> <span class='ocrx_word' id='word_1_271' title='bbox 1151 2589 1244 2648; x_wconf 89' lang='lat' dir='ltr'>sui</span> <span class='ocrx_word' id='word_1_272' title='bbox 1270 2602 1450 2676; x_wconf 63' lang='lat' dir='ltr'>atque</span> <span class='ocrx_word' id='word_1_273' title='bbox 1496 2587 1807 2657; x_wconf 71' lang='lat' dir='ltr'>dissimile,</span> <span class='ocrx_word' id='word_1_274' title='bbox 1829 2607 1947 2647; x_wconf 86' lang='lat' dir='ltr'>non</span> <span class='ocrx_word' id='word_1_275' title='bbox 1989 2604 2166 2662; x_wconf 84' lang='lat' dir='ltr'>posse</span> <span class='ocrx_word' id='word_1_276' title='bbox 2219 2604 2366 2645; x_wconf 88' lang='lat' dir='ltr'>eum</span> 
     </span>
     <span class='ocr_line' id='line_1_31' title="bbox 143 2661 2369 2743; baseline 0.001 -25"><span class='ocrx_word' id='word_1_277' title='bbox 143 2661 333 2721; x_wconf 87' lang='lat' dir='ltr'>dividi</span> <span class='ocrx_word' id='word_1_278' title='bbox 359 2683 378 2731; x_wconf 87' lang='lat'><strong>;</strong></span> <span class='ocrx_word' id='word_1_279' title='bbox 418 2664 575 2739; x_wconf 90' lang='lat' dir='ltr'>quod</span> <span class='ocrx_word' id='word_1_280' title='bbox 602 2663 653 2720; x_wconf 89' lang='lat' dir='ltr'>si</span> <span class='ocrx_word' id='word_1_281' title='bbox 676 2679 791 2721; x_wconf 87' lang='lat' dir='ltr'>non</span> <span class='ocrx_word' id='word_1_282' title='bbox 818 2664 1022 2740; x_wconf 83' lang='lat' dir='ltr'>possit,</span> <span class='ocrx_word' id='word_1_283' title='bbox 1044 2685 1161 2724; x_wconf 89' lang='lat' dir='ltr'>non</span> <span class='ocrx_word' id='word_1_284' title='bbox 1188 2685 1362 2743; x_wconf 85' lang='lat' dir='ltr'>posse</span> <span class='ocrx_word' id='word_1_285' title='bbox 1389 2667 1670 2726; x_wconf 84' lang='lat' dir='ltr'>interire:</span> <span class='ocrx_word' id='word_1_286' title='bbox 1706 2683 2043 2743; x_wconf 82' lang='lat' dir='ltr'>magnoque</span> <span class='ocrx_word' id='word_1_287' title='bbox 2087 2682 2223 2726; x_wconf 86' lang='lat' dir='ltr'>esse</span> <span class='ocrx_word' id='word_1_288' title='bbox 2275 2682 2369 2723; x_wconf 85' lang='lat' dir='ltr'>ar-</span> 
     </span>
     <span class='ocr_line' id='line_1_32' title="bbox 144 2741 2370 2822; baseline 0.001 -23"><span class='ocrx_word' id='word_1_289' title='bbox 144 2756 457 2816; x_wconf 74' lang='lat' dir='ltr'>gumento,</span> <span class='ocrx_word' id='word_1_290' title='bbox 482 2741 751 2800; x_wconf 85' lang='lat' dir='ltr'>homines</span> <span class='ocrx_word' id='word_1_291' title='bbox 799 2742 953 2798; x_wconf 84' lang='lat' dir='ltr'>scire</span> <span class='ocrx_word' id='word_1_292' title='bbox 989 2745 1271 2819; x_wconf 82' lang='lat' dir='ltr'>pleraque</span> <span class='ocrx_word' id='word_1_293' title='bbox 1308 2747 1437 2804; x_wconf 74' lang='lat' dir='ltr'>ante</span> <span class='ocrx_word' id='word_1_294' title='bbox 1479 2747 1658 2820; x_wconf 68' lang='lat' dir='ltr'>quam</span> <span class='ocrx_word' id='word_1_295' title='bbox 1697 2745 1819 2805; x_wconf 86' lang='lat' dir='ltr'>nati</span> <span class='ocrx_word' id='word_1_296' title='bbox 1864 2745 2002 2813; x_wconf 86' lang='lat' dir='ltr'>sint,</span> <span class='ocrx_word' id='word_1_297' title='bbox 2039 2745 2199 2818; x_wconf 87' lang='lat' dir='ltr'>quod</span> <span class='ocrx_word' id='word_1_298' title='bbox 2242 2744 2370 2822; x_wconf 83' lang='lat' dir='ltr'>jam</span> 
     </span>
     <span class='ocr_line' id='line_1_33' title="bbox 142 2819 2487 2896; baseline 0.001 -20"><span class='ocrx_word' id='word_1_299' title='bbox 142 2819 344 2893; x_wconf 82' lang='lat' dir='ltr'>pueri,</span> <span class='ocrx_word' id='word_1_300' title='bbox 369 2821 510 2881; x_wconf 73' lang='lat' dir='ltr'>cum</span> <span class='ocrx_word' id='word_1_301' title='bbox 533 2833 689 2880; x_wconf 87' lang='lat' dir='ltr'>artes</span> <span class='ocrx_word' id='word_1_302' title='bbox 739 2819 1008 2879; x_wconf 85' lang='lat' dir='ltr'>difficiles</span> <span class='ocrx_word' id='word_1_303' title='bbox 1056 2820 1302 2891; x_wconf 78' lang='lat' dir='ltr'>discant,</span> <span class='ocrx_word' id='word_1_304' title='bbox 1324 2821 1411 2879; x_wconf 86' lang='lat' dir='ltr'>ita</span> <span class='ocrx_word' id='word_1_305' title='bbox 1434 2824 1713 2882; x_wconf 86' lang='lat' dir='ltr'>celeriter</span> <span class='ocrx_word' id='word_1_306' title='bbox 1757 2841 1856 2881; x_wconf 88' lang='lat' dir='ltr'>res</span> <span class='ocrx_word' id='word_1_307' title='bbox 1895 2823 2369 2881; x_wconf 85' lang='lat' dir='ltr'>innumerabiles</span> <span class='ocrx_word' id='word_1_308' title='bbox 2411 2828 2487 2896; x_wconf 80' lang='lat'>39</span> 
     </span>
     <span class='ocr_line' id='line_1_34' title="bbox 140 2897 2422 2980; baseline 0.003 -27"><span class='ocrx_word' id='word_1_309' title='bbox 140 2897 447 2975; x_wconf 81' lang='lat' dir='ltr'>arripiant,</span> <span class='ocrx_word' id='word_1_310' title='bbox 471 2911 538 2958; x_wconf 91' lang='lat' dir='ltr'>ut</span> <span class='ocrx_word' id='word_1_311' title='bbox 562 2917 662 2958; x_wconf 87' lang='lat' dir='ltr'>eas</span> <span class='ocrx_word' id='word_1_312' title='bbox 685 2916 800 2957; x_wconf 90' lang='lat' dir='ltr'>non</span> <span class='ocrx_word' id='word_1_313' title='bbox 823 2897 950 2957; x_wconf 70' lang='lat' dir='ltr'>tum</span> <span class='ocrx_word' id='word_1_314' title='bbox 977 2901 1240 2975; x_wconf 86' lang='lat' dir='ltr'>primum</span> <span class='ocrx_word' id='word_1_315' title='bbox 1261 2900 1534 2977; x_wconf 85' lang='lat' dir='ltr'>accipere</span> <span class='ocrx_word' id='word_1_316' title='bbox 1559 2899 1887 2971; x_wconf 83' lang='lat' dir='ltr'>videantur,</span> <span class='ocrx_word' id='word_1_317' title='bbox 1906 2901 2012 2959; x_wconf 84' lang='lat' dir='ltr'>sed</span> <span class='ocrx_word' id='word_1_318' title='bbox 2052 2898 2358 2960; x_wconf 84' lang='lat' dir='ltr'>reminisci</span> <span class='ocrx_word' id='word_1_319' title='bbox 2413 2967 2422 2980; x_wconf 83' lang='lat'>.</span> 
     </span>
     <span class='ocr_line' id='line_1_35' title="bbox 149 2976 550 3038; baseline -0.005 -2"><span class='ocrx_word' id='word_1_320' title='bbox 149 2980 203 3036; x_wconf 75' lang='lat'>⁸:</span> <span class='ocrx_word' id='word_1_321' title='bbox 231 2976 550 3038; x_wconf 86' lang='lat' dir='ltr'>recordari.</span> 
     </span>
    </p>

    <p class='ocr_par' dir='ltr' id='par_1_8' title="bbox 137 3056 2484 4538">
     <span class='ocr_line' id='line_1_36' title="bbox 218 3056 2360 3136; baseline 0.002 -21"><span class='ocrx_word' id='word_1_322' title='bbox 218 3056 430 3116; x_wconf 87' lang='lat' dir='ltr'>XXII.</span> <span class='ocrx_word' id='word_1_323' title='bbox 470 3058 621 3117; x_wconf 76' lang='lat' dir='ltr'>Haec</span> <span class='ocrx_word' id='word_1_324' title='bbox 642 3058 808 3117; x_wconf 87' lang='lat' dir='ltr'>Plato</span> <span class='ocrx_word' id='word_1_325' title='bbox 851 3071 1071 3119; x_wconf 82' lang='lat' dir='ltr'>noster.</span> <span class='ocrx_word' id='word_1_326' title='bbox 1152 3058 1334 3135; x_wconf 80' lang='lat' dir='ltr'>Apud</span> <span class='ocrx_word' id='word_1_327' title='bbox 1358 3058 1821 3136; x_wconf 84' lang='lat' dir='ltr'>Xenophontem</span> <span class='ocrx_word' id='word_1_328' title='bbox 1847 3069 2050 3118; x_wconf 85' lang='lat' dir='ltr'>autem</span> <span class='ocrx_word' id='word_1_329' title='bbox 2095 3060 2360 3122; x_wconf 83' lang='lat' dir='ltr'>moriens</span> 
     </span>
     <span class='ocr_line' id='line_1_37' title="bbox 139 3132 2364 3213; baseline 0.003 -21"><span class='ocrx_word' id='word_1_330' title='bbox 139 3132 342 3210; x_wconf 79' lang='lat' dir='ltr'>Cyrus</span> <span class='ocrx_word' id='word_1_331' title='bbox 384 3137 577 3213; x_wconf 82' lang='lat' dir='ltr'>major</span> <span class='ocrx_word' id='word_1_332' title='bbox 627 3139 748 3195; x_wconf 80' lang='lat' dir='ltr'>haec</span> <span class='ocrx_word' id='word_1_333' title='bbox 788 3135 972 3195; x_wconf 81' lang='lat' dir='ltr'>dicit:</span> <span class='ocrx_word' id='word_1_334' title='bbox 1036 3136 1241 3196; x_wconf 87' lang='lat' dir='ltr'>Nolite</span> <span class='ocrx_word' id='word_1_335' title='bbox 1290 3138 1581 3208; x_wconf 85' lang='lat' dir='ltr'>arbitrari,</span> <span class='ocrx_word' id='word_1_336' title='bbox 1627 3139 1667 3195; x_wconf 82' lang='grc' dir='ltr'><strong>ὂ</strong></span> <span class='ocrx_word' id='word_1_337' title='bbox 1715 3138 1860 3196; x_wconf 89' lang='lat' dir='ltr'>mibi</span> <span class='ocrx_word' id='word_1_338' title='bbox 1907 3133 2194 3195; x_wconf 78' lang='lat' dir='ltr'>carissimi</span> <span class='ocrx_word' id='word_1_339' title='bbox 2234 3140 2364 3213; x_wconf 79' lang='lat' dir='ltr'>filii,</span> 
     </span>
     <span class='ocr_line' id='line_1_38' title="bbox 146 3213 2364 3293; baseline 0.003 -21"><span class='ocrx_word' id='word_1_340' title='bbox 146 3231 269 3284; x_wconf 78' lang='lat' dir='ltr'>me,</span> <span class='ocrx_word' id='word_1_341' title='bbox 291 3213 426 3273; x_wconf 76' lang='lat' dir='ltr'>etim</span> <span class='ocrx_word' id='word_1_342' title='bbox 451 3217 489 3272; x_wconf 71' lang='grc' dir='ltr'><strong>ἰ</strong></span> <span class='ocrx_word' id='word_1_343' title='bbox 514 3213 679 3274; x_wconf 85' lang='lat' dir='ltr'>vobis</span> <span class='ocrx_word' id='word_1_344' title='bbox 703 3214 1057 3288; x_wconf 85' lang='lat' dir='ltr'>discessero,</span> <span class='ocrx_word' id='word_1_345' title='bbox 1074 3232 1385 3293; x_wconf 82' lang='lat' dir='ltr'>nusquam,</span> <span class='ocrx_word' id='word_1_346' title='bbox 1409 3229 1512 3278; x_wconf 84' lang='lat' dir='ltr'>aut</span> <span class='ocrx_word' id='word_1_347' title='bbox 1549 3217 1780 3276; x_wconf 89' lang='lat' dir='ltr'>nullum</span> <span class='ocrx_word' id='word_1_348' title='bbox 1818 3215 1945 3273; x_wconf 83' lang='lat' dir='ltr'>fore</span> <span class='ocrx_word' id='word_1_349' title='bbox 1975 3236 1991 3283; x_wconf 74' lang='grc' dir='ltr'><strong>ς</strong></span> <span class='ocrx_word' id='word_1_350' title='bbox 2030 3230 2147 3272; x_wconf 88' lang='lat' dir='ltr'>nec</span> <span class='ocrx_word' id='word_1_351' title='bbox 2182 3219 2364 3290; x_wconf 80' lang='lat' dir='ltr'>enim,</span> 
     </span>
     <span class='ocr_line' id='line_1_39' title="bbox 144 3290 2363 3362; baseline 0.003 -14"><span class='ocrx_word' id='word_1_352' title='bbox 144 3290 290 3352; x_wconf 70' lang='lat' dir='ltr'>dum</span> <span class='ocrx_word' id='word_1_353' title='bbox 314 3311 478 3352; x_wconf 82' lang='lat' dir='ltr'>eram</span> <span class='ocrx_word' id='word_1_354' title='bbox 503 3295 828 3362; x_wconf 84' lang='lat' dir='ltr'>vobiscum,</span> <span class='ocrx_word' id='word_1_355' title='bbox 851 3296 1117 3354; x_wconf 88' lang='lat' dir='ltr'>animum</span> <span class='ocrx_word' id='word_1_356' title='bbox 1167 3312 1371 3354; x_wconf 87' lang='lat' dir='ltr'>meum</span> <span class='ocrx_word' id='word_1_357' title='bbox 1422 3293 1710 3354; x_wconf 83' lang='lat' dir='ltr'>videbatis</span> <span class='ocrx_word' id='word_1_358' title='bbox 1740 3315 1758 3353; x_wconf 69' lang='grc' dir='ltr'><em>ε</em></span> <span class='ocrx_word' id='word_1_359' title='bbox 1800 3295 1908 3352; x_wconf 83' lang='lat' dir='ltr'>sed</span> <span class='ocrx_word' id='word_1_360' title='bbox 1932 3309 2076 3352; x_wconf 85' lang='lat' dir='ltr'>eum</span> <span class='ocrx_word' id='word_1_361' title='bbox 2120 3311 2256 3354; x_wconf 80' lang='lat' dir='ltr'>esse</span> <span class='ocrx_word' id='word_1_362' title='bbox 2299 3298 2363 3356; x_wconf 89' lang='lat' dir='ltr'>in</span> 
     </span>
     <span class='ocr_line' id='line_1_40' title="bbox 144 3370 2438 3451; baseline 0.004 -24"><span class='ocrx_word' id='word_1_363' title='bbox 144 3370 262 3428; x_wconf 80' lang='lat' dir='ltr'>hoc</span> <span class='ocrx_word' id='word_1_364' title='bbox 290 3388 562 3449; x_wconf 88' lang='lat' dir='ltr'>corpore,</span> <span class='ocrx_word' id='word_1_365' title='bbox 608 3390 687 3430; x_wconf 82' lang='lat' dir='ltr'>ex</span> <span class='ocrx_word' id='word_1_366' title='bbox 733 3371 808 3430; x_wconf 90' lang='lat' dir='ltr'>iis</span> <span class='ocrx_word' id='word_1_367' title='bbox 848 3377 1050 3443; x_wconf 89' lang='lat' dir='ltr'>rebus,</span> <span class='ocrx_word' id='word_1_368' title='bbox 1076 3391 1225 3451; x_wconf 82' lang='lat' dir='ltr'>quas</span> <span class='ocrx_word' id='word_1_369' title='bbox 1253 3374 1553 3449; x_wconf 77' lang='lat' dir='ltr'>gerebam,</span> <span class='ocrx_word' id='word_1_370' title='bbox 1598 3371 1789 3432; x_wconf 89' lang='lat' dir='ltr'>intelli</span> <span class='ocrx_word' id='word_1_371' title='bbox 1834 3372 2020 3432; x_wconf 79' lang='lat' dir='ltr'>ebati&#39;s</span> <span class='ocrx_word' id='word_1_372' title='bbox 2043 3391 2063 3427; x_wconf 75' lang='lat' dir='ltr'>t</span> <span class='ocrx_word' id='word_1_373' title='bbox 2102 3374 2363 3434; x_wconf 84' lang='lat' dir='ltr'>eundem</span> <span class='ocrx_word' id='word_1_374' title='bbox 2405 3386 2438 3436; x_wconf 84' lang='lat'><em>5</em></span> 
     </span>
     <span class='ocr_line' id='line_1_41' title="bbox 139 3446 2371 3524; baseline 0.004 -20"><span class='ocrx_word' id='word_1_375' title='bbox 139 3446 334 3524; x_wconf 77' lang='lat' dir='ltr'>igitur</span> <span class='ocrx_word' id='word_1_376' title='bbox 360 3467 498 3508; x_wconf 88' lang='lat' dir='ltr'>esse</span> <span class='ocrx_word' id='word_1_377' title='bbox 526 3450 831 3521; x_wconf 68' lang='lat' dir='ltr'>meditate,</span> <span class='ocrx_word' id='word_1_378' title='bbox 849 3452 1029 3511; x_wconf 88' lang='lat' dir='ltr'>etiam</span> <span class='ocrx_word' id='word_1_379' title='bbox 1048 3453 1099 3510; x_wconf 86' lang='lat' dir='ltr'>si</span> <span class='ocrx_word' id='word_1_380' title='bbox 1121 3453 1351 3512; x_wconf 90' lang='lat' dir='ltr'>nullum</span> <span class='ocrx_word' id='word_1_381' title='bbox 1373 3452 1665 3513; x_wconf 80' lang='lat' dir='ltr'>videbitis.</span> <span class='ocrx_word' id='word_1_382' title='bbox 1808 3469 1881 3509; x_wconf 84' lang='lat' dir='ltr'>ec</span> <span class='ocrx_word' id='word_1_383' title='bbox 1903 3450 2045 3512; x_wconf 71' lang='lat' dir='ltr'>vero</span> <span class='ocrx_word' id='word_1_384' title='bbox 2071 3454 2371 3514; x_wconf 84' lang='lat' dir='ltr'>clarorum</span> 
     </span>
     <span class='ocr_line' id='line_1_42' title="bbox 146 3527 2372 3608; baseline 0.004 -24"><span class='ocrx_word' id='word_1_385' title='bbox 146 3527 418 3588; x_wconf 83' lang='lat' dir='ltr'>virorum</span> <span class='ocrx_word' id='word_1_386' title='bbox 443 3540 578 3606; x_wconf 82' lang='lat' dir='ltr'>post</span> <span class='ocrx_word' id='word_1_387' title='bbox 613 3544 869 3590; x_wconf 85' lang='lat' dir='ltr'>mortem</span> <span class='ocrx_word' id='word_1_388' title='bbox 905 3534 1161 3590; x_wconf 84' lang='lat' dir='ltr'>honores</span> <span class='ocrx_word' id='word_1_389' title='bbox 1186 3544 1621 3605; x_wconf 79' lang='lat' dir='ltr'>permanerent,</span> <span class='ocrx_word' id='word_1_390' title='bbox 1664 3529 1719 3589; x_wconf 84' lang='lat' dir='ltr'>si</span> <span class='ocrx_word' id='word_1_391' title='bbox 1762 3528 1907 3589; x_wconf 82' lang='lat' dir='ltr'>nibil</span> <span class='ocrx_word' id='word_1_392' title='bbox 1954 3547 2166 3589; x_wconf 88' lang='lat' dir='ltr'>eorum</span> <span class='ocrx_word' id='word_1_393' title='bbox 2210 3531 2372 3608; x_wconf 80' lang='lat' dir='ltr'>ipso-</span> 
     </span>
     <span class='ocr_line' id='line_1_43' title="bbox 145 3606 2370 3685; baseline 0.003 -21"><span class='ocrx_word' id='word_1_394' title='bbox 145 3621 285 3665; x_wconf 82' lang='lat' dir='ltr'>rum</span> <span class='ocrx_word' id='word_1_395' title='bbox 312 3606 494 3666; x_wconf 84' lang='lat' dir='ltr'>animi</span> <span class='ocrx_word' id='word_1_396' title='bbox 535 3610 858 3674; x_wconf 76' lang='lat' dir='ltr'>efficerent.</span> <span class='ocrx_word' id='word_1_397' title='bbox 886 3608 1006 3685; x_wconf 73' lang='lat' dir='ltr'>quo</span> <span class='ocrx_word' id='word_1_398' title='bbox 1033 3608 1255 3668; x_wconf 74' lang='lat' dir='ltr'>diutius</span> <span class='ocrx_word' id='word_1_399' title='bbox 1296 3610 1650 3669; x_wconf 76' lang='lat' dir='ltr'>memoriam</span> <span class='ocrx_word' id='word_1_400' title='bbox 1678 3608 1772 3668; x_wconf 85' lang='lat' dir='ltr'>sui</span> <span class='ocrx_word' id='word_1_401' title='bbox 1800 3621 2127 3668; x_wconf 80' lang='lat' dir='ltr'>tuerentur.</span> <span class='ocrx_word' id='word_1_402' title='bbox 2208 3611 2370 3671; x_wconf 83' lang='lat' dir='ltr'>Mihi</span> 
     </span>
     <span class='ocr_line' id='line_1_44' title="bbox 146 3684 2364 3764; baseline 0.001 -20"><span class='ocrx_word' id='word_1_403' title='bbox 146 3684 395 3760; x_wconf 88' lang='lat' dir='ltr'>quidem</span> <span class='ocrx_word' id='word_1_404' title='bbox 434 3702 733 3764; x_wconf 86' lang='lat' dir='ltr'>nunquam</span> <span class='ocrx_word' id='word_1_405' title='bbox 772 3688 1117 3762; x_wconf 84' lang='lat' dir='ltr'>persuaderi</span> <span class='ocrx_word' id='word_1_406' title='bbox 1166 3689 1377 3764; x_wconf 86' lang='lat' dir='ltr'>potuit,</span> <span class='ocrx_word' id='word_1_407' title='bbox 1426 3688 1672 3750; x_wconf 80' lang='lat' dir='ltr'>animos.</span> <span class='ocrx_word' id='word_1_408' title='bbox 1718 3686 1860 3748; x_wconf 73' lang='lat' dir='ltr'>dum</span> <span class='ocrx_word' id='word_1_409' title='bbox 1911 3688 1971 3747; x_wconf 89' lang='lat' dir='ltr'>in</span> <span class='ocrx_word' id='word_1_410' title='bbox 2016 3690 2364 3762; x_wconf 84' lang='lat' dir='ltr'>corporibus</span> 
     </span>
     <span class='ocr_line' id='line_1_45' title="bbox 137 3765 2480 3853; baseline 0.003 -33"><span class='ocrx_word' id='word_1_411' title='bbox 137 3777 343 3823; x_wconf 80' lang='lat' dir='ltr'>essent</span> <span class='ocrx_word' id='word_1_412' title='bbox 369 3767 733 3835; x_wconf 86' lang='lat' dir='ltr'>mortalibus,</span> <span class='ocrx_word' id='word_1_413' title='bbox 754 3768 998 3838; x_wconf 77' lang='lat' dir='ltr'>vivere3</span> <span class='ocrx_word' id='word_1_414' title='bbox 1039 3767 1178 3825; x_wconf 76' lang='lat' dir='ltr'>cum</span> <span class='ocrx_word' id='word_1_415' title='bbox 1228 3767 1513 3828; x_wconf 83' lang='lat' dir='ltr'>exiissent</span> <span class='ocrx_word' id='word_1_416' title='bbox 1541 3765 1744 3835; x_wconf 79' lang='lat' dir='ltr'>exiis,</span> <span class='ocrx_word' id='word_1_417' title='bbox 1769 3768 1999 3845; x_wconf 72' lang='lat' dir='ltr'>emoni3</span> <span class='ocrx_word' id='word_1_418' title='bbox 2063 3785 2176 3825; x_wconf 77' lang='lat' dir='ltr'>nec</span> <span class='ocrx_word' id='word_1_419' title='bbox 2218 3767 2360 3826; x_wconf 71' lang='lat' dir='ltr'>vero</span> <span class='ocrx_word' id='word_1_420' title='bbox 2409 3774 2480 3853; x_wconf 69' lang='lat' dir='ltr'>lq</span> 
     </span>
     <span class='ocr_line' id='line_1_46' title="bbox 144 3842 2348 3924; baseline -0.001 -20"><span class='ocrx_word' id='word_1_421' title='bbox 144 3842 274 3904; x_wconf 73' lang='lat' dir='ltr'>tum</span> <span class='ocrx_word' id='word_1_422' title='bbox 300 3842 563 3902; x_wconf 88' lang='lat' dir='ltr'>animum</span> <span class='ocrx_word' id='word_1_423' title='bbox 590 3864 728 3904; x_wconf 82' lang='lat' dir='ltr'>esse</span> <span class='ocrx_word' id='word_1_424' title='bbox 746 3844 1144 3923; x_wconf 86' lang='lat' dir='ltr'>insipientem,</span> <span class='ocrx_word' id='word_1_425' title='bbox 1165 3845 1301 3912; x_wconf 72' lang='lat' dir='ltr'>cum</span> <span class='ocrx_word' id='word_1_426' title='bbox 1320 3864 1398 3902; x_wconf 86' lang='lat' dir='ltr'>ex</span> <span class='ocrx_word' id='word_1_427' title='bbox 1426 3847 1732 3924; x_wconf 81' lang='lat' dir='ltr'>insipienti</span> <span class='ocrx_word' id='word_1_428' title='bbox 1757 3855 2002 3922; x_wconf 85' lang='lat' dir='ltr'>corpore</span> <span class='ocrx_word' id='word_1_429' title='bbox 2032 3843 2348 3913; x_wconf 82' lang='lat' dir='ltr'>evasisset;</span> 
     </span>
     <span class='ocr_line' id='line_1_47' title="bbox 144 3921 2375 4002; baseline 0.002 -24"><span class='ocrx_word' id='word_1_430' title='bbox 144 3921 250 3979; x_wconf 82' lang='lat' dir='ltr'>sed</span> <span class='ocrx_word' id='word_1_431' title='bbox 275 3922 413 3980; x_wconf 76' lang='lat' dir='ltr'>cum</span> <span class='ocrx_word' id='word_1_432' title='bbox 439 3925 605 3982; x_wconf 90' lang='lat' dir='ltr'>omni</span> <span class='ocrx_word' id='word_1_433' title='bbox 630 3922 990 3985; x_wconf 76' lang='lat' dir='ltr'>admixtione</span> <span class='ocrx_word' id='word_1_434' title='bbox 1030 3923 1297 4000; x_wconf 83' lang='lat' dir='ltr'>corporis</span> <span class='ocrx_word' id='word_1_435' title='bbox 1321 3923 1620 3997; x_wconf 75' lang='lat' dir='ltr'>liberatus,</span> <span class='ocrx_word' id='word_1_436' title='bbox 1641 3942 1852 4002; x_wconf 81' lang='lat' dir='ltr'>purus,</span> <span class='ocrx_word' id='word_1_437' title='bbox 1880 3930 1930 3983; x_wconf 66' lang='lat' dir='ltr'>&amp;z</span> <span class='ocrx_word' id='word_1_438' title='bbox 1956 3923 2189 3996; x_wconf 82' lang='lat' dir='ltr'>integer</span> <span class='ocrx_word' id='word_1_439' title='bbox 2238 3939 2375 3982; x_wconf 80' lang='lat' dir='ltr'>esse</span> 
     </span>
     <span class='ocr_line' id='line_1_48' title="bbox 148 4000 2367 4082; baseline 0.002 -24"><span class='ocrx_word' id='word_1_440' title='bbox 148 4000 763 4075; x_wconf 55' lang='lat' dir='ltr'>coepimatam‘esse</span> <span class='ocrx_word' id='word_1_441' title='bbox 792 4005 1140 4082; x_wconf 78' lang='lat' dir='ltr'>sapientem.</span> <span class='ocrx_word' id='word_1_442' title='bbox 1218 4006 1423 4080; x_wconf 85' lang='lat' dir='ltr'>Atque</span> <span class='ocrx_word' id='word_1_443' title='bbox 1451 4005 1651 4076; x_wconf 85' lang='lat' dir='ltr'>etiam,</span> <span class='ocrx_word' id='word_1_444' title='bbox 1689 4005 1827 4063; x_wconf 77' lang='lat' dir='ltr'>cum</span> <span class='ocrx_word' id='word_1_445' title='bbox 1860 4000 2113 4060; x_wconf 83' lang='lat' dir='ltr'>hominis</span> <span class='ocrx_word' id='word_1_446' title='bbox 2159 4015 2367 4062; x_wconf 81' lang='lat' dir='ltr'>natura</span> 
     </span>
     <span class='ocr_line' id='line_1_49' title="bbox 147 4075 2365 4166; baseline 0.003 -31"><span class='ocrx_word' id='word_1_447' title='bbox 147 4087 341 4166; x_wconf 74' lang='lat' dir='ltr'>morte</span> <span class='ocrx_word' id='word_1_448' title='bbox 366 4079 726 4152; x_wconf 82' lang='lat' dir='ltr'>dissolvitur,</span> <span class='ocrx_word' id='word_1_449' title='bbox 771 4099 1116 4147; x_wconf 75' lang='lat' dir='ltr'>eaeterarum</span> <span class='ocrx_word' id='word_1_450' title='bbox 1144 4098 1349 4142; x_wconf 89' lang='lat' dir='ltr'>rerum</span> <span class='ocrx_word' id='word_1_451' title='bbox 1377 4083 1767 4159; x_wconf 82' lang='lat' dir='ltr'>perspicuum</span> <span class='ocrx_word' id='word_1_452' title='bbox 1802 4095 1912 4150; x_wconf 89' lang='lat' dir='ltr'>est,</span> <span class='ocrx_word' id='word_1_453' title='bbox 1938 4075 2061 4154; x_wconf 71' lang='lat' dir='ltr'>quo</span> <span class='ocrx_word' id='word_1_454' title='bbox 2108 4097 2365 4160; x_wconf 83' lang='lat' dir='ltr'>quaeque</span> 
     </span>
     <span class='ocr_line' id='line_1_50' title="bbox 149 4153 2484 4231; baseline 0.006 -20"><span class='ocrx_word' id='word_1_455' title='bbox 149 4153 492 4217; x_wconf 77' lang='lat' dir='ltr'>discedant:</span> <span class='ocrx_word' id='word_1_456' title='bbox 527 4162 748 4221; x_wconf 88' lang='lat' dir='ltr'>abeunt</span> <span class='ocrx_word' id='word_1_457' title='bbox 792 4162 955 4220; x_wconf 85' lang='lat' dir='ltr'>enim</span> <span class='ocrx_word' id='word_1_458' title='bbox 994 4162 1138 4221; x_wconf 89' lang='lat' dir='ltr'>illuc</span> <span class='ocrx_word' id='word_1_459' title='bbox 1189 4161 1403 4231; x_wconf 77' lang='lat' dir='ltr'>omnia,</span> <span class='ocrx_word' id='word_1_460' title='bbox 1443 4164 1600 4221; x_wconf 86' lang='lat' dir='ltr'>unde</span> <span class='ocrx_word' id='word_1_461' title='bbox 1626 4176 1753 4225; x_wconf 79' lang='lat' dir='ltr'>orta</span> <span class='ocrx_word' id='word_1_462' title='bbox 1778 4174 1911 4218; x_wconf 85' lang='lat' dir='ltr'>sunt</span> <span class='ocrx_word' id='word_1_463' title='bbox 1939 4179 1959 4226; x_wconf 86' lang='lat'>;</span> <span class='ocrx_word' id='word_1_464' title='bbox 1996 4157 2230 4217; x_wconf 82' lang='lat' dir='ltr'>animus</span> <span class='ocrx_word' id='word_1_465' title='bbox 2268 4181 2370 4222; x_wconf 82' lang='lat' dir='ltr'>au·</span> <span class='ocrx_word' id='word_1_466' title='bbox 2419 4170 2484 4224; x_wconf 80' lang='lat' dir='ltr'>ts</span> 
     </span>
     <span class='ocr_line' id='line_1_51' title="bbox 151 4237 2371 4314; baseline 0.003 -22"><span class='ocrx_word' id='word_1_467' title='bbox 151 4243 282 4292; x_wconf 84' lang='lat' dir='ltr'>tem</span> <span class='ocrx_word' id='word_1_468' title='bbox 323 4237 505 4307; x_wconf 82' lang='lat' dir='ltr'>solus,</span> <span class='ocrx_word' id='word_1_469' title='bbox 527 4254 640 4298; x_wconf 83' lang='lat' dir='ltr'>nec</span> <span class='ocrx_word' id='word_1_470' title='bbox 667 4237 809 4299; x_wconf 69' lang='lat' dir='ltr'>cum</span> <span class='ocrx_word' id='word_1_471' title='bbox 832 4241 1017 4310; x_wconf 84' lang='lat' dir='ltr'>adest,</span> <span class='ocrx_word' id='word_1_472' title='bbox 1059 4256 1176 4300; x_wconf 84' lang='lat' dir='ltr'>nec</span> <span class='ocrx_word' id='word_1_473' title='bbox 1223 4238 1363 4299; x_wconf 72' lang='lat' dir='ltr'>cum</span> <span class='ocrx_word' id='word_1_474' title='bbox 1387 4241 1699 4310; x_wconf 82' lang='lat' dir='ltr'>discendit,</span> <span class='ocrx_word' id='word_1_475' title='bbox 1724 4250 1984 4314; x_wconf 84' lang='lat' dir='ltr'>apparet.</span> <span class='ocrx_word' id='word_1_476' title='bbox 2066 4237 2203 4300; x_wconf 85' lang='lat' dir='ltr'>Jam</span> <span class='ocrx_word' id='word_1_477' title='bbox 2228 4238 2371 4299; x_wconf 67' lang='lat' dir='ltr'>verb</span> 
     </span>
     <span class='ocr_line' id='line_1_52' title="bbox 152 4309 2404 4402; baseline 0.004 -35"><span class='ocrx_word' id='word_1_478' title='bbox 152 4309 392 4402; x_wconf 74' lang='lat' dir='ltr'>videtis,</span> <span class='ocrx_word' id='word_1_479' title='bbox 414 4315 563 4375; x_wconf 76' lang='lat' dir='ltr'>nihil</span> <span class='ocrx_word' id='word_1_480' title='bbox 590 4336 727 4379; x_wconf 87' lang='lat' dir='ltr'>esse</span> <span class='ocrx_word' id='word_1_481' title='bbox 770 4318 951 4377; x_wconf 88' lang='lat' dir='ltr'>morti</span> <span class='ocrx_word' id='word_1_482' title='bbox 1000 4322 1124 4377; x_wconf 68' lang='lat' dir='ltr'>tam</span> <span class='ocrx_word' id='word_1_483' title='bbox 1151 4318 1368 4389; x_wconf 86' lang='lat' dir='ltr'>simile,</span> <span class='ocrx_word' id='word_1_484' title='bbox 1412 4321 1598 4397; x_wconf 63' lang='lat' dir='ltr'>quam</span> <span class='ocrx_word' id='word_1_485' title='bbox 1639 4334 1932 4379; x_wconf 89' lang='lat' dir='ltr'>somnum.</span> <span class='ocrx_word' id='word_1_486' title='bbox 2010 4315 2214 4393; x_wconf 84' lang='lat' dir='ltr'>Atque</span> <span class='ocrx_word' id='word_1_487' title='bbox 2241 4318 2404 4398; x_wconf 62' lang='lat' dir='ltr'>dor-⁸</span> 
     </span>
     <span class='ocr_line' id='line_1_53' title="bbox 152 4391 2382 4538; baseline -0.001 -81"><span class='ocrx_word' id='word_1_488' title='bbox 152 4391 478 4485; x_wconf 45' lang='lat' dir='ltr'>‚fluentium</span> <span class='ocrx_word' id='word_1_489' title='bbox 500 4395 685 4487; x_wconf 57' lang='grc' dir='ltr'><em>Μ</em></span> <span class='ocrx_word' id='word_1_490' title='bbox 708 4396 968 4484; x_wconf 69' lang='lat' dir='ltr'>max-ime</span> <span class='ocrx_word' id='word_1_491' title='bbox 996 4398 1295 4482; x_wconf 57' lang='lat' dir='ltr'>declarant</span> <span class='ocrx_word' id='word_1_492' title='bbox 1320 4397 1690 4537; x_wconf 45' lang='lat' dir='ltr'>{sirmam</span> <span class='ocrx_word' id='word_1_493' title='bbox 1727 4413 1943 4482; x_wconf 55' lang='grc' dir='ltr'>ωαξης</span> <span class='ocrx_word' id='word_1_494' title='bbox 1981 4399 2173 4465; x_wconf 73' lang='lat' dir='ltr'>multa</span> <span class='ocrx_word' id='word_1_495' title='bbox 2193 4394 2382 4538; x_wconf 40' lang='lat' dir='ltr'>enini&amp;</span> 
     </span>
    </p>

    <p class='ocr_par' dir='ltr' id='par_1_9' title="bbox 409 4479 2273 4533">
     <span class='ocr_line' id='line_1_54' title="bbox 409 4479 2273 4533; baseline -0.001 -1"><span class='ocrx_word' id='word_1_496' title='bbox 409 4489 413 4494; x_wconf 77' lang='grc'><em>’</em></span> <span class='ocrx_word' id='word_1_497' title='bbox 808 4479 869 4490; x_wconf 77' lang='grc'>’“”</span> <span class='ocrx_word' id='word_1_498' title='bbox 1259 4482 1299 4533; x_wconf 79' lang='lat'><em>4</em></span> <span class='ocrx_word' id='word_1_499' title='bbox 2241 4488 2273 4531; x_wconf 82' lang='lat' dir='ltr'>c</span> 
     </span>
    </p>
   </div>
  </div>
 </body>
</html>
