2875 4842
980 292 1073 364 μ
1113 271 1650 338 senec-ruma
2361 274 2480 352 ιιι,

148 439 414 504 excisam
430 451 565 498 esse
593 451 968 526 cognovero·
1009 453 1190 526 quam
1209 438 1472 511 palmam
1492 428 1825 498 utinsmdii
1842 427 2214 494 immortales
2240 430 2369 502 tibi,

155 519 374 612 Scipio,
400 530 725 585 reservent,
755 527 822 573 ut
848 513 942 573 avi
966 514 1250 591 reliquias
1278 532 1683 590 persequare3
1724 511 1904 590 cujus
1948 512 1988 582 ᾖ
2027 527 2220 574 morte
2263 511 2365 571 hic

152 599 358 657 tertius
387 603 438 656 δι
462 596 811 655 tricesimus
837 605 928 652 est
948 612 1157 662 annus,
1181 595 1287 651 sed
1335 592 1688 652 memoriam
1723 591 1888 655 illius
1916 590 2032 649 viri
2055 591 2363 666 excipient

155 696 359 738 omnes
382 675 521 735 anui
542 686 994 750 consequentes.
1080 674 1258 732 Anno
1282 685 1417 730 ante
1446 682 1544 730 me
1574 672 1912 729 Censorem
1961 683 2244 730 mortuus·
2259 686 2371 741 est,

147 774 363 818 novem
401 752 571 814 annis
613 769 752 828 post
799 770 1005 812 meum
1050 753 1466 842 Consulatum,
1511 769 1654 809 cum
1697 751 1926 808 Consul
1974 748 2220 820 iterum,
2267 769 2366 809 me
2413 758 2486 810 35

145 837 429 903 Consule,
473 845 710 890 creatus
760 844 939 891 esset.
1019 832 1188 889 Num
1234 829 1446 908 igitur,
1495 829 1548 888 si
1586 830 1660 890 ad
1700 826 2098 890 centesimum
2151 846 2372 890 anuum

142 910 758 983 uixisset,senectutis
776 928 917 968 eum
936 929 1062 969 suae
1091 907 1451 996 poeniteret?
1491 927 1601 967 nec
1631 907 1793 969 enim
1843 908 2222 979 excursione,
2261 925 2374 968 nec
2453 965 2462 974 ,

146 995 321 1064 saltu,
347 1011 457 1052 nee
482 989 717 1048 eminus
747 986 949 1059 hastis,
975 1003 1076 1048 aut
1119 989 1388 1050 cominus
1420 971 1656 1065 gladiis
1702 1000 2015 1057 uteretur;
2078 989 2183 1048 sed
2233 1005 2373 1046 con-

146 1069 300 1141 silio,
328 1070 571 1138 ratione,
594 1067 923 1129 sententia.
966 1088 1103 1144 quae
1132 1067 1249 1126 nisi
1274 1080 1478 1127 essent
1524 1067 1584 1125 in
1615 1066 1879 1137 senibus,
1922 1084 2039 1124 non
2067 1085 2377 1126 summum

146 1150 465 1209 eonsilium
505 1151 761 1238 majores
815 1149 1003 1208 nostri
1042 1149 1437 1225 appellassent
1486 1147 1793 1206 Senatum.
1875 1145 2062 1220 Apud
2092 1147 2375 1208 Lacedae-
2415 1155 2490 1206 40

143 1228 377 1317 monios
404 1225 687 1319 quidem
673 1244 735 1295 ιι,
757 1226 864 1303 qui
889 1227 1331 1301 amplissimum
1377 1223 1791 1318 magistratum
1845 1237 2086 1300 gerunt,
2113 1237 2180 1286 ut
2220 1239 2376 1297 sunt,

143 1305 231 1364 sic
258 1307 434 1367 etiam
483 1304 867 1366 nominantur
912 1323 1109 1365 senes.
1192 1306 1370 1378 Quod
1417 1305 1468 1363 si
1517 1307 1744 1381 legere,
1789 1318 1858 1362 ut
1903 1305 2126 1364 audere
2168 1306 2380 1365 voletis

149 1398 419 1470 externa,
463 1386 760 1446 maximas
810 1405 971 1462 resp.
1019 1385 1091 1442 ab
1134 1383 1611 1446 adolescentibus
1656 1382 1991 1454 labefactas,
2039 1405 2080 1443 a
2125 1384 2370 1446 senibus

142 1478 492 1528 sustentatas
518 1471 567 1525 Sc
599 1466 899 1526 restitutas
928 1464 1265 1540 reperietis.

229 1543 398 1613 Cedo,
424 1550 524 1617 qui
544 1556 805 1602 vestram
828 1555 1006 1614 remp.
1036 1556 1256 1599 tantum
1281 1546 1557 1601 antitistis
1587 1556 1702 1599 tam
1724 1545 1834 1602 εἰτὸ
1858 1539 1893 1595 ἕ
1933 1544 2019 1603 sic
2039 1545 2200 1605 enim
2228 1563 2365 1620 per-
2404 1550 2474 1605 45

143 1629 455 1694 contat'ur,
473 1637 541 1682 ιιι
581 1635 675 1683 est
724 1621 786 1682 in
828 1622 1031 1683 Naevii
1082 1622 1244 1693 ludo,
1281 1613 1716 1700 respondentur
1757 1628 1812 1682 ει
1850 1625 1983 1696 elia,
2034 1629 2085 1686 &t
2139 1627 2273 1683 haec
2315 1624 2378 1683 in

190 1702 382 1773 rimie,

147 1721 187 1780 p
541 1783 979 1840 Pro-veniebam
1007 1793 1268 1842 oratores
1292 1788 1437 1842 ποτ-ἰ
1457 1786 1626 1844 stulti
1639 1787 2075 1844 adolescentuli.

144 1858 485 1922 Temeritas
507 1873 602 1920 est
624 1859 902 1919 videlicet
930 1859 1193 1920 florentis
1217 1859 1449 1932 aetatis3
1490 1862 1808 1938 prudentis
1830 1862 2222 1924 senescentis.

221 1943 377 2002 Vll
442 1944 529 2000 At
577 1937 869 1999 memoria
920 1938 1251 2003 minuitur·
1313 1905 1515 2010 credo,
1563 1939 1682 2006 nisi
1729 1959 1864 2000 eam
1918 1961 2228 2012 exerceas,
2273 1956 2378 2006 aut

145 2019 199 2077 si
226 2020 310 2078 sis
338 2019 807 2082 natuiatardior.
887 2017 1332 2078 Themistocles
1380 2018 1652 2078 omnium
1699 2019 1924 2078 civium
1971 2023 2214 2082 nomina
2239 2040 2378 2099 per·

145 2109 432 2174 ceperat·
498 2118 645 2158 num
686 2096 875 2175 igitur
917 2097 1174 2157 censetis
1222 2117 1387 2169 eum,
1431 2116 1574 2157 cum
1591 2109 1777 2158 aetate
1804 2114 2218 2173 procesfflsset,
2267 2103 2377 2178 qui
2419 2161 2424 2168 ,
2463 2137 2476 2170 2

145 2177 450 2237 Aristides
471 2190 652 2255 esset,
677 2176 1105 2252 Lysimachum
1134 2179 1388 2238 salutare
1415 2176 1703 2238 solitum?
1741 2176 2043 2253 Equidem
2090 2198 2207 2238 non
2253 2201 2379 2239 mo»

145 2257 222 2317 do
249 2276 354 2314 eos
385 2258 543 2327 novi,
568 2257 673 2336 qui
695 2270 873 2324 sunt;
914 2258 1019 2316 sed
1048 2274 1261 2314 eorum
1290 2271 1490 2331 patres
1531 2257 1735 2332 etiam,
1787 2264 1839 2317 δι
1889 2275 2069 2316 avos·
2054 2301 2072 2328 ,
2125 2274 2238 2318 nec
2290 2277 2383 2318 se-
2425 2271 2457 2320 5

145 2339 356 2412 pulcra
403 2338 613 2426 legens
669 2353 899 2406 vereor,
950 2338 1110 2428 quod
1156 2335 1343 2407 aiunt,
1391 2356 1468 2396 ne
1516 2336 1872 2398 memoriam
1923 2338 2210 2411 perdam·
2194 2381 2211 2408 ,
2287 2340 2383 2398 his

147 2415 308 2478 enim
338 2413 486 2492 ipsis
534 2415 809 2493 legendis
853 2417 1038 2473 redeo
1079 2415 1143 2474 in
1194 2414 1552 2478 memoriam
1602 2427 2019 2480 mortuorum:
2074 2436 2187 2478 nec
2236 2416 2382 2478 vero

151 2511 517 2584 quemquam
547 2513 759 2554 senum
786 2494 991 2558 audivi
1017 2495 1293 2565 oblitum,
1319 2512 1442 2571 quo
1467 2497 1601 2553 loco
1639 2496 1992 2554 thesaurum
2041 2497 2384 2560 obruisset.

150 2573 370 2643 omnia,
419 2589 556 2650 quae
604 2585 832 2643 cumnt,
902 2575 1348 2644 meminesun13
1416 2572 1751 2636 vadimonis
1826 2574 2192 2636 constituta·
2177 2615 2195 2647 ,
2278 2584 2385 2653 qui

150 2651 286 2724 sibi,
313 2652 569 2730 quibus'
552 2652 673 2727 ipsi
698 2651 964 2709 debeant.
1073 2653 1237 2724 Quid
1282 2652 1750 2713 Jurisconsulti?
1819 2652 1965 2730 quid
2012 2655 2385 2718 Pontifices?
2431 2663 2496 2714 lo

145 2732 293 2809 quid
322 2735 651 2820 Augures.
636 2729 657 2770 ²
698 2728 843 2804 quid
882 2729 1228 2804 Philosophi
1268 2730 1486 2792 senes?
1513 2751 1693 2808 quam
1719 2734 1910 2794 multa
1935 2734 2386 2796 meminerunt?

148 2822 396 2869 manent
438 2808 677 2904 ingenia
724 2809 985 2878 senibus,
1010 2807 1190 2866 modo
1217 2823 1561 2885 permaneat
1611 2810 1898 2882 studium,
1952 2818 2006 2873 δι
2047 2814 2382 2880 industria·

148 2908 264 2948 nec
283 2907 356 2948 ea
382 2885 571 2948 solum
598 2886 658 2945 in
697 2885 872 2946 claris
899 2892 947 2947 ἃ
973 2888 1269 2946 honoratis
1299 2888 1464 2959 viris,
1511 2890 1616 2946 sed
1659 2887 1721 2952 in
1767 2888 1890 2950 vita
1935 2890 2114 2952 etiam
2159 2894 2388 2968 privata
2481 2951 2492 2958 ,

160 2976 211 3028 ετ.
261 2966 484 3044 quieta.
569 2967 901 3044 Sophocles
943 2966 1015 3024 ad
1060 2983 1358 3024 summam
1412 2979 1792 3025 senectutem
1837 2970 2160 3045 tragoedias
2202 2972 2380 3034 fecit·

196 3069 255 3108 ιιι
283 3059 529 3124 propter
558 3045 827 3106 studium
873 3064 1017 3108 cum
1044 3061 1177 3103 rem
1230 3044 1584 3115 familiarem
1633 3046 1960 3123 negligere
2002 3048 2326 3122 videretur,
2354 3051 2390 3114 εἱ
2439 3057 2501 3110 15

150 3051 294 3188 {uin
343 3125 406 3184 ιιι
448 3125 749 3205 judicium
800 3138 1047 3194 vocatus
1099 3135 1228 3184 est·
1287 3137 1373 3195 ut,
1420 3124 1928 3201 quemadmodum
1973 3141 2175 3216 nostro
2217 3149 2385 3194 more

152 3207 310 3270 male
353 3223 482 3264 rem
502 3204 879 3282 gerentibus
929 3202 1197 3294 patribus
1242 3204 1409 3264 bouis
1453 3202 1728 3264 interdici
1775 3207 2004 3266 solent:
2054 3205 2142 3264 sic
2189 3207 2383 3281 illum,

154 3287 329 3377 quasi
354 3283 826 3358 desipientem,
797 3303 836 3346 a
863 3303 931 3342 re
964 3282 1237 3344 familiari
1265 3298 1644 3350 removerent
1669 3284 1928 3362 judicos.
2006 3287 2170 3350 Tum
2201 3309 2389 3349 senen

152 3364 378 3428 dicitur
422 3381 557 3421 eam
610 3361 887 3435 fabulam,
937 3382 1117 3440 quam
1185 3363 1249 3420 ιιι
1324 3362 1604 3424 manibus
1649 3365 1920 3434 habebat,
1987 3369 2039 3424 &z
2114 3369 2458 3456 proxime

153 3443 499 3518 scripserat,
538 3438 835 3517 OEdipum
876 3444 1211 3502 Coloneum
1257 3443 1539 3504 recitasse
1580 3442 1908 3534 judicibus,
1953 3445 2389 3526 quaesisseque,
2428 3455 2503 3507 20

153 3542 305 3583 num
346 3521 496 3580 illud
537 3538 780 3589 carmen
826 3521 1176 3597 desipientis
1212 3521 1554 3582 videretur:
1593 3541 1715 3598 quo
1767 3520 2029 3594 recitato,
2078 3528 2390 3590 sententiis

155 3602 435 3692 judicum
462 3613 557 3664 est
583 3597 885 3660 liberatus.
965 3602 1137 3660 Num
1177 3598 1367 3676 igitur
1411 3604 1592 3670 hunc,
1636 3620 1782 3666 num
1828 3602 2189 3676 Homerum,
2234 3626 2386 3668 num

161 3678 522 3752 Hesiodum,
565 3697 713 3744 num
737 3679 1143 3751 Simonidem,
1192 3698 1339 3739 num
1380 3680 1820 3751 Stesichorum,
1861 3700 2028 3775 num,
2074 3703 2228 3759 quos
2252 3698 2386 3745 ante

158 3760 310 3830 dixi,
356 3760 705 3830 Isocratem,
755 3758 1071 3849 Gorgiam,
1129 3777 1280 3820 num
1344 3760 1839 3836 philosophorum
1897 3763 2225 3838 principes,
2274 3766 2386 3839 Py·
2475 3817 2490 3827 ,

161 3842 496 3915 tlisgoram,
538 3838 981 3910 Democritum,
1026 3856 1175 3900 num
1202 3839 1532 3908 Platonem,
1575 3856 1723 3904 num
1768 3839 2190 3909 Xenocratem,
2232 3859 2382 3903 num
2425 3852 2494 3905 25

158 3932 366 3991 postea
382 3919 718 3986 Zenonem,
762 3918 1139 3988 Cleanthem,
1188 3930 1292 3984 aut
1337 3936 1500 3988 eum,
1541 3935 1730 3994 quem
1789 3939 1931 3986 vos.
1942 3921 2120 3979 etiam
2170 3921 2386 3984 Romae

123 3995 411 4068 ιιιίιιιιιι,
436 3996 779 4086 Diogenem
813 3996 1105 4066 Stoicum,
1161 3997 1362 4073 coegit
1381 3997 1444 4058 ιιι
1461 3997 1585 4058 suis
1609 3997 1830 4058 studiis
1849 4000 2268 4060 obmutescere
2293 4021 2385 4061 se-

164 4075 420 4133 nectus?
458 4094 530 4138 an
583 4095 699 4136 non
750 4075 812 4133 in
839 4074 1116 4143 omnibus
1151 4074 1229 4132 iis
1278 4076 1616 4138 studiorum
1664 4077 1909 4154 agitatio
1955 4077 2094 4137 vitae
2118 4082 2387 4170 aequalis

165 4149 326 4210 fuiti
368 4154 524 4230 Age,
570 4152 773 4216 utista
820 4153 1016 4214 divina
1044 4154 1239 4215 studia
1263 4156 1632 4247 omittamus,
1678 4174 1928 4232 possum
1975 4157 2280 4219 nominare
2308 4179 2388 4221 ex
2480 4189 2488 4221 ι

169 4249 321 4306 agro
364 4231 578 4294 Sabino
632 4231 891 4292 rusticos
940 4231 1242 4294 Romanos
1292 4234 1519 4300 vicinos
1565 4235 1889 4326 familiares
1939 4251 2128 4305 meos,
2168 4240 2388 4315 quibus
2432 4246 2504 4299 30
2575 4284 2579 4289 .

113 4339 125 4346 =
164 4309 527 4382 absentibus,
561 4328 867 4387 nunquam
910 4312 1037 4372 fere
1087 4314 1209 4374 ulla
1248 4312 1313 4374 in
1358 4332 1508 4389 agro
1552 4315 1780 4393 majora
1828 4329 2016 4390 opera
2057 4316 2229 4386 fiunt,
2273 4335 2391 4377 non

165 4388 462 4481 serendis,
505 4406 623 4452 non
663 4388 1085 4465 percipiendis,
1134 4409 1249 4456 non
1296 4393 1623 4454 condendis
1671 4390 2004 4454 fructibusx
2044 4413 2388 4471 qumquam

164 4466 223 4528 in
245 4466 362 4532 illis
382 4467 581 4538 minus
608 4471 723 4530 hoe
751 4469 1013 4536 mirumz,
1052 4470 1409 4536 neamenim
1435 4483 1528 4534 est
1548 4484 1668 4534 tam
1697 4488 1902 4544 senex,
1927 4474 2032 4550 qui
2053 4491 2118 4533 se
2167 4492 2388 4535 annum

2268 4571 2385 4612 non
