2875 4842
886 183 983 244 μ
1022 150 1561 236 SENECTUT'E.
1633 252 1638 258 .
2327 157 2451 231 ⁶15

132 341 290 404 en'im
307 330 735 416 estjucundius
760 337 1069 387 senectute
1102 327 1319 402 stipata
1364 322 1580 385 studiis
1600 322 1931 404 juventutis
1963 320 1986 377 ἰ
2025 320 2201 382 Anne
2237 335 2341 378 eas
2380 322 2455 391 29

132 422 369 499 quidem
416 416 569 474 vires
635 406 932 468 senectuti
991 405 1422 483 relinquemus,
1452 415 1518 460 ut
1579 402 2053 463 adolescentulos
2106 401 2337 471 doceat,

134 499 408 563 instituat,
459 494 530 552 ad
578 507 754 547 omne
819 482 996 543 officii
1074 502 1293 543 munus
1339 483 1628 541 instruat?
1693 501 1813 559 quo
1864 479 2106 556 quidem
2154 486 2340 558 opere

133 577 271 653 quid
297 585 484 652 potest
512 587 646 630 esse
694 562 1088 642 praeelarius?
1149 560 1310 622 Mihi
1355 579 1498 619 vero
1543 559 1655 619 Cn.
1700 572 1754 628 δε
1802 562 1870 619 Ρ.
1914 555 2246 631 Scipiones,
2285 569 2341 623 ει

134 655 225 714 avi
246 655 329 713 tui
356 656 492 718 duo,
514 651 585 709 L.
614 644 891 704 AEmilius
919 655 961 700 ει
1007 639 1073 699 Ρ.
1123 640 1461 709 Africanus,
1504 639 1786 700 comitatu
1835 633 2123 697 nobilium
2170 638 2341 727 juve-

132 752 271 791 num
301 727 580 792 fortunati
611 720 992 784 videbanturt
1028 739 1139 779 nec
1170 719 1274 777 ulli
1324 721 1611 776 bonarum
1656 716 1873 778 artium
1919 711 2192 789 magistri
2232 734 2346 775 non
2385 715 2458 802 ἢ

127 811 280 870 beati
326 806 592 885 putandi,
636 798 907 879 quamvis
966 798 1382 858 consenuerint
1430 798 1609 866 vires,
1633 811 1808 890 atque
1835 794 2198 853 defecerint:
2236 794 2352 854 etsi

130 887 243 948 ista
267 890 395 966 ipsa
423 882 677 943 defectio
705 877 919 936 virium
957 876 1370 938 adolescentiae
1400 876 1560 934 vitiis
1584 877 1840 936 efficitur
1884 869 2118 950 saepias,
2166 874 2353 951 quam

124 965 499 1027 senectutis
540 958 846 1020 libidinosa
872 956 1091 1015 etenim
1114 967 1170 1021 ει
1213 955 1614 1029 intemperans
1657 951 2049 1014 adolescentia
2077 954 2352 1015 effoetum

130 1061 353 1121 corpus
376 1043 550 1102 tradit
571 1033 880 1099 senectuti.
960 1034 1156 1111 Cyrus
1180 1032 1424 1110 quidem
1451 1034 1607 1110 apud
1634 1034 2101 1110 Xenophontem
2128 1051 2201 1091 eo
2226 1050 2351 1092 ser·

128 1142 333 1192 mone,
354 1141 534 1200 quem
562 1116 820 1178 moriens
848 1114 1067 1183 habuit,
1090 1115 1231 1174 cum
1251 1112 1567 1173 admodum
1618 1132 1805 1172 senex
1857 1123 2037 1179 esset,
2085 1126 2268 1189 negat
2290 1128 2356 1169 se
2387 1117 2470 1192 39

129 1221 398 1279 unquam
449 1198 727 1263 sensisse,
779 1207 1153 1252 senectutem
1219 1209 1387 1250 suam
1414 1192 1873 1252 imbecilliorem
1905 1189 2139 1262 factam,
2165 1193 2354 1267 quam

130 1278 534 1339 adolescentia
552 1276 781 1335 suisset.
822 1271 960 1347 Ego
987 1272 1056 1330 L.
1087 1271 1407 1331 Metellum
1437 1272 1686 1331 memini
1713 1288 1863 1346 puer
1889 1267 2020 1347 (qui
2043 1271 2181 1331 cum
2205 1290 2353 1348 qua·

131 1359 407 1418 driennio
430 1372 559 1435 post
580 1357 835 1414 alterum
867 1349 1256 1410 Consulatum
1287 1349 1559 1411 Pontifex
1587 1350 1898 1410 Maximus
1938 1349 2131 1410 factus
2177 1363 2359 1420 esset,

132 1436 351 1518 viginti
378 1446 431 1500 at
457 1438 605 1494 duos
630 1449 809 1490 annos
837 1427 893 1486 ei
922 1431 1252 1490 sacerdotio
1300 1429 1568 1508 praefuit)
1620 1431 1707 1490 ita
1757 1428 1926 1488 bonis
1953 1448 2085 1489 esse
2108 1428 2359 1511 {viribus

134 1531 413 1575 extremo
440 1527 707 1589 tempore
759 1501 973 1579 aetatis,
1015 1524 1080 1569 ut
1128 1507 1586 1569 adolescentiam
1611 1529 1726 1568 non
1747 1508 2102 1586 requireret.
2181 1507 2354 1567 Nihil
2393 1511 2464 1570 25

134 1601 389 1653 necesse
418 1608 510 1651 est
535 1587 767 1650 mihide
786 1604 880 1644 me
904 1585 1034 1662 ipso
1054 1587 1294 1647 dicere:
1332 1586 1674 1666 quanquam
1690 1599 1786 1648 est
1804 1587 1865 1645 id
1888 1589 2131 1664 quidem
2154 1587 2362 1658 senile,

138 1674 423 1749 aetatique
446 1684 660 1729 nostrae
682 1664 1045 1724 conceditur.
1541 1707 1546 1714 ·

218 1753 302 1812 X.
348 1748 682 1817 Videtisne,
717 1756 786 1803 ut
811 1744 967 1819 apud
994 1735 1333 1805 Homerum
1380 1746 1711 1823 saepissime
1758 1749 1984 1810 Nestor
2033 1749 2107 1809 de
2135 1745 2364 1810 virtuti*

135 1834 255 1890 bus
282 1831 429 1900 suis,
449 1824 777 1905 praedieet?
814 1823 941 1901 jam
980 1825 1144 1883 enim
1172 1823 1406 1884 tertiam
1450 1841 1682 1892 aetatem
1736 1827 2041 1890 hominum
2087 1830 2359 1888 vivebam

133 1928 253 1970 nec
283 1925 410 1966 erat
451 1906 510 1965 ei
556 1903 904 1971 verendum,
947 1920 1022 1960 ne
1063 1921 1204 1963 vera
1253 1903 1329 1962 de
1370 1923 1436 1962 se
1477 1907 1804 1983 praedicans
1853 1908 2035 1968 nimis
2062 1903 2367 1968 videretur

131 2005 241 2048 aut
270 1987 551 2054 insolens,
577 1997 678 2043 aut
704 1985 956 2058 loquax:
994 1982 1235 2054 etenim,
1261 1995 1330 2040 ut
1373 1981 1456 2043 ait
1503 1983 1828 2052 Homerus,
1873 2003 1954 2045 ex
1980 1989 2116 2065 ejus
2160 1985 2370 2063 linguss

136 2068 333 2126 melle
364 2064 592 2122 dulcior
643 2055 860 2134 fluebat
912 2058 1134 2129 oratio;
1173 2079 1353 2137 quam
1398 2064 1472 2120 ad
1523 2063 1872 2123 suavitatem
1919 2065 2099 2125 nullis
2151 2066 2367 2142 egebat
2437 2067 2480 2134 5

137 2142 421 2221 eorporis
445 2135 707 2206 viribus:
745 2143 799 2199 δι
843 2151 1042 2198 tamen
1085 2140 1210 2197 dux
1262 2137 1364 2198 ille
1423 2141 1689 2202 Graeciae
1739 2159 2032 2220 nusquam
2084 2156 2261 2218 optat,
2301 2154 2378 2201 ιιι

139 2222 367 2303 Ajacis
393 2220 620 2279 similes
648 2221 855 2278 babeat
902 2211 1135 2307 decem,
1182 2230 1242 2277 at
1294 2233 1359 2278 ut
1408 2219 1722 2296 Nestoris:
1762 2223 1921 2300 quod
1974 2220 2030 2281 si
2072 2221 2375 2291 acciderit,

138 2321 265 2364 non
295 2301 521 2359 dubitat
547 2298 689 2375 quin
714 2297 880 2356 brevi
907 2297 1096 2375 TroJa
1122 2297 1198 2357 sit
1224 2299 1504 2374 peritura.
1585 2295 1705 2358 Sed
1726 2302 1906 2360 redeo
1928 2303 2001 2362 ad
2027 2318 2122 2359 me
2151 2315 2166 2354 ε
2202 2317 2372 2378 quar-
2459 2319 2470 2328 ²

136 2397 281 2444 tum
310 2398 526 2439 annum
570 2399 684 2457 ago
736 2381 790 2441 δι
842 2376 1322 2511 οοῐοέεεὶηιυπιῖ
1385 2377 1672 2454 equidem
1721 2399 1897 2456 posse
1946 2382 2166 2440 vellem
2209 2378 2371 2437 idem

142 2458 422 2540 gloriari,
441 2459 599 2534 quod
624 2458 855 2532 Cyrus:
897 2474 959 2513 se
1043 2459 1237 2514 tamen
1291 2458 1407 2515 hoc
1464 2475 1620 2534 queo
1666 2459 1888 2531 dicere,
1931 2479 2048 2519 non
2100 2477 2199 2517 me
2244 2455 2373 2535 qui-
2422 2459 2496 2515 10

139 2541 297 2600 dem
340 2535 414 2592 iis
451 2554 582 2593 esse
606 2535 847 2603 viribus,
871 2531 1089 2609 quibus
1116 2549 1215 2594 aut
1264 2535 1442 2594 miles
1489 2540 1645 2596 bello
1688 2537 1937 2609 Punico,
1966 2552 2067 2597 aut
2093 2537 2377 2608 Quaestor

140 2619 377 2678 eodem
421 2615 597 2682 bello,
638 2626 737 2671 aut
786 2612 1016 2669 Consul
1075 2612 1137 2671 in
1203 2609 1499 2690 Hispania
1554 2615 1796 2689 fuerim,
1842 2630 1943 2678 aut
1989 2613 2381 2694 quadriennio

139 2709 313 2776 post,
343 2709 484 2749 cum
503 2691 811 2748 Tribunus
858 2687 1143 2746 Militaris
1184 2693 1524 2768 depugnavi
1575 2696 1731 2770 apud
1780 2696 2235 2773 Thermopylas,
2287 2687 2378 2754 Μ.

141 2771 367 2837 Acilio
392 2770 712 2828 Glabrione
741 2770 1039 2827 Consule:
1102 2770 1207 2826 sed
1248 2783 1468 2839 tannen,
1509 2784 1576 2830 ut
1625 2793 1731 2832 vos
1781 2773 2016 2846 videtis,
2069 2793 2184 2834 non
2212 2773 2384 2849 plane

140 2873 258 2915 me
291 2848 615 2917 enervavit,
656 2867 768 2908 nec
816 2845 1025 2904 afflixit
1078 2861 1390 2911 senectus}
1427 2866 1546 2907 non
1599 2850 1766 2908 curia
1807 2854 1966 2911 vires
2005 2872 2173 2912 meas
2224 2853 2379 2912 desi·
2426 2851 2494 2921 λβ

143 2934 353 3000 derat,
403 2945 518 2986 non
574 2941 794 2997 nostra,
842 2943 960 2982 non
1014 2924 1211 2996 amici,
1261 2945 1377 2985 non
1426 2926 1697 2997 clientes,
1744 2947 1862 2989 non
1911 2927 2213 3006 hospites3
2271 2949 2386 2990 nec

143 3011 329 3074 enim
378 3006 638 3083 unquam
696 3024 833 3064 sum
897 3020 1176 3062 assensus
1245 3005 1437 3066 veteri
1508 3006 1597 3063 illi
1648 3007 2000 3086 laudatoque
2049 3009 2380 3083 proverbio,

142 3089 321 3172 quod
361 3099 580 3158 monet,
612 3084 842 3146 mature
872 3081 1005 3139 lieri
1042 3087 1271 3154 senem,
1311 3083 1363 3142 si
1413 3084 1517 3147 diu
1563 3083 1712 3143 velis
1761 3105 1896 3146 esse
1948 3103 2154 3146 senex.
2253 3087 2391 3166 Ego

144 3167 310 3230 verb
355 3183 452 3224 me
485 3161 677 3226 mimis
708 3164 810 3225 diu
840 3179 1048 3221 senem
1075 3178 1212 3219 esse
1253 3165 1524 3235 mallem,
1573 3166 1755 3239 quam
1799 3183 1935 3224 esse
1983 3183 2189 3225 senem
2233 3172 2389 3232 ante·

144 3248 353 3327 quam
376 3261 591 3304 essem.
671 3245 876 3320 Itaque
902 3259 1086 3301 nemo
1140 3241 1333 3328 adhuc
1376 3246 1697 3302 convenire
1740 3263 1841 3306 me
1870 3244 2075 3314 voluit,
2123 3249 2220 3306 cui
2263 3250 2392 3311 fue·
2430 3250 2509 3315 29

142 3330 281 3388 rim
335 3335 674 3397 occupatus.
758 3327 842 3380 At
882 3320 1079 3380 minus
1120 3320 1307 3378 habeo
1343 3322 1585 3394 virium,
1622 3341 1801 3399 quam
1843 3323 2106 3384 vestrum
2147 3328 2393 3400 utervis.

145 3408 304 3468 Nec
336 3418 446 3460 vos
464 3401 709 3476 quidem
734 3401 813 3459 T.
849 3399 1044 3458 Pontii
1070 3397 1452 3459 Centurionis
1480 3402 1637 3461 vires
1664 3402 1929 3473 habetis,
1969 3421 2113 3464 num
2163 3404 2390 3468 idcirco

145 3497 255 3545 ost
326 3481 430 3539 ille
483 3477 896 3556 praestantior?
955 3477 1284 3538 moderatio
1333 3479 1516 3542 modo
1563 3480 1785 3543 virium
1836 3481 2007 3555 adsit,
2055 3486 2106 3539 θι
2135 3496 2389 3556 tantum,

144 3574 459 3642 quantum
490 3571 684 3634 potest
707 3557 978 3634 quisque,
1006 3557 1261 3627 nitatur;
1300 3577 1394 3619 nae
1423 3558 1527 3618 ille
1574 3578 1691 3619 non
1727 3578 1947 3639 magno
1971 3559 2268 3625 desiderio
2294 3581 2386 3628 te·

147 3639 414 3702 nebitur
433 3637 670 3698 virium.
752 3634 1047 3712 Olympiae
1077 3653 1185 3711 per
1211 3637 1469 3700 stadium
1490 3640 1798 3715 ingressus
1820 3658 1954 3699 esse
1972 3641 2125 3700 Milo
2152 3644 2390 3716 dicitur,
2428 3660 2501 3726 25

148 3720 315 3783 &am
349 3718 617 3778 humeris
643 3715 961 3776 sustineret
989 3717 1202 3775 bovem
1243 3717 1448 3776 vivum
1477 3739 1494 3776 ε
1532 3732 1736 3778 utrum
1764 3718 1947 3797 igitur
1974 3722 2078 3780 has
2106 3724 2393 3797 corporis,

145 3818 231 3859 an
284 3797 647 3871 Pythagorae
702 3793 807 3853 tibi
849 3794 1027 3854 malis
1074 3793 1231 3851 vires
1285 3791 1514 3870 ingenii
1553 3794 1723 3854 dari?
1765 3797 2019 3875 denique
2070 3797 2185 3857 isto
2237 3802 2393 3862 bono

140 3881 363 3942 utare,
382 3873 526 3934 dum
553 3873 742 3941 adsit;
784 3891 925 3933 cum
967 3871 1138 3940 absit,
1191 3891 1266 3931 ne
1314 3875 1623 3951 requiras:
1666 3874 1778 3934 nisi
1809 3877 1956 3937 forte
1982 3877 2393 3943 adolescentes

150 3952 520 4031 'puer-itiam,
557 3950 801 4028 paulum
832 3960 995 4013 aetate
1044 3951 1349 4029 progressi
1395 3947 1852 4017 adolescentiam
1899 3956 2152 4015 debeant
2199 3962 2398 4036 requi.

150 4041 338 4094 fere.
444 4032 674 4090 Cursus
717 4041 811 4087 est
851 4044 1051 4091 certus
1100 4029 1298 4101 aetatis,
1341 4038 1392 4093 ὃς
1431 4052 1546 4093 una
1589 4034 1687 4092 via
1727 4053 1968 4101 naturae,
2013 4051 2201 4110 eaque
2255 4042 2397 4100 sim-
2438 4056 2508 4107 30

205 4113 367 4176 lex;
407 4127 628 4185 suaque
658 4107 872 4185 cuique
901 4110 1051 4186 parti
1084 4108 1272 4168 aetatis
1296 4112 1728 4187 tempestivitas
1775 4129 1865 4173 est
1893 4113 2059 4169 data:
2105 4130 2168 4176 ut
2213 4119 2264 4174 δι
2310 4120 2400 4180 in-

214 4185 439 4250 rmitas
468 4205 810 4263 puerorum,
853 4191 904 4245 8<
942 4187 1215 4248 ferocitas
1253 4189 1565 4267 juvenum,
1612 4194 1662 4248 δι
1691 4192 1948 4274 gravitas
1971 4191 2098 4271 jam
2129 4213 2398 4258 constan·

148 4269 246 4331 tis
282 4264 499 4333 aetatls,
544 4272 592 4326 ὃς
623 4267 949 4327 senectutis
996 4265 1303 4327 maturitas
1348 4271 1614 4330 naturale
1659 4272 1939 4348 quiddam
1977 4274 2208 4344 habeat,
2246 4280 2406 4351 quod

146 4363 287 4414 sno
345 4351 614 4421 tempore
659 4344 888 4420 percipi
930 4345 1157 4410 debeat.
1239 4349 1517 4410 Arbitrer
1564 4362 1624 4410 te
1669 4349 1894 4420 audire,
1928 4349 2151 4430 Scipi0,
2187 4357 2405 4429 hospes

2270 4442 2330 4490 Ul
2339 4453 2407 4491 us
