2875 4842
382 203 501 256 514
1042 196 1136 256 M.
1166 195 1459 256 TULLII
1500 189 1961 258 CICERONIS

374 365 444 417 38
486 369 619 418 tuus
646 356 836 416 avitas
890 355 1212 416 Masinissa
1261 376 1396 433 quae
1438 354 1610 416 faciat
1665 356 1861 424 hodie,
1883 352 2198 433 nonaginta
2243 370 2428 413 annos
2473 365 2654 417 natus
2681 373 2704 413 e

486 436 621 499 edm
650 439 959 512 ingressus
985 436 1102 496 iter
1126 435 1378 512 pedibus
1405 433 1501 503 sit,
1541 434 1600 492 in
1629 454 1855 512 equum
1880 433 2122 494 omnino
2145 452 2259 504 non
2281 433 2657 493 adscendere
2683 457 2700 502 ς

485 517 619 578 etim
649 534 825 594 equo,
872 533 951 574 ex
1003 533 1158 591 equo
1204 534 1323 573 non
1368 516 1777 573 descendere:
1816 515 1979 572 nullo
2024 513 2234 581 imbre,
2274 515 2440 572 nullo
2478 512 2712 590 frigore

481 596 715 664 adduci,
742 608 809 656 ut
833 595 1027 671 capite
1050 607 1262 670 operto
1285 592 1361 652 sit
1390 615 1409 651 ε
1455 612 1762 654 summam
1787 592 1849 650 in
1892 610 1965 648 eo
1990 610 2124 650 esse
2151 591 2424 666 corporis
2471 591 2708 654 siccita-

412 705 429 712 -
483 689 610 737 tem
639 697 658 732 z
699 676 899 751 itaque
922 671 1149 749 exequi
1174 672 1374 734 omnia
1397 675 1562 755 regis
1585 672 1779 733 officia
1825 675 1874 730 δι
1924 688 2184 733 munera.
2264 670 2472 730 Potest
2521 672 2710 749 igitur

374 762 465 812 4&
486 754 836 814 exercitatio
868 756 918 811 ει
945 752 1338 829 temperantia
1360 753 1546 813 ctiam
1596 748 1890 811 senectuti
1927 766 2276 810 conservare
2328 749 2554 828 aliquid
2584 753 2708 829 pri·

491 831 633 895 sftiui
661 831 905 892 roboris.

520 929 527 938 ·
567 915 679 973 XI.
724 915 861 972 Non
882 921 1019 973 sunt
1056 912 1117 971 in
1148 922 1453 972 senectute
1475 908 1669 979 vires3
1711 926 1787 965 ne
1841 908 2213 984 postulantur
2252 908 2503 986 quidem
2549 908 2706 968 vires

489 994 521 1051 a
548 1005 856 1053 senectute
888 1014 907 1062 3
946 1009 1096 1069 ergo
1123 1003 1167 1053 a
1194 988 1429 1069 legibus
1476 991 1525 1045 δι
1571 985 1852 1049 institutis
1895 1000 2062 1046 vacat
2096 1002 2228 1048 aetas
2270 1001 2474 1049 nostra
2496 1007 2704 1050 mune·

487 1073 653 1134 ribus
678 1072 774 1141 iis,
800 1090 929 1149 quae
954 1090 1069 1136 non
1090 1083 1333 1147 possunt
1360 1067 1488 1126 sine
1515 1065 1738 1126 viribus
1763 1065 2084 1139 sustineri3
2125 1068 2324 1146 itaque
2351 1086 2468 1128 non
2523 1067 2700 1129 mode

404 1171 413 1180 ·
486 1153 645 1230 quod
666 1171 781 1213 non
805 1168 1142 1227 possumus,
1168 1150 1274 1207 sed
1295 1165 1368 1206 ne
1413 1158 1701 1223 quantum
1729 1162 2048 1222 possumus
2094 1147 2361 1224 quidem,
2403 1148 2707 1226 cogimur.

412 1245 444 1292 5
485 1235 571 1293 At
611 1233 693 1292 ita
736 1228 911 1291 multi
946 1237 1082 1290 sunt
1125 1224 1412 1289 imbecilli
1462 1217 1660 1297 senes,
1703 1237 1770 1286 ut
1818 1227 2052 1285 nullum
2090 1224 2294 1298 officii,
2326 1239 2428 1288 aut
2465 1227 2711 1288 omnine

490 1313 623 1372 vitae
651 1326 869 1371 munus
894 1308 1115 1385 exequi
1156 1305 1397 1382 possint.
1481 1306 1567 1363 At
1591 1304 1653 1362 id
1677 1302 1923 1380 quidem
1951 1321 2066 1363 non
2089 1305 2402 1381 proprium
2433 1320 2710 1368 senectu.

488 1391 568 1452 tis
594 1405 687 1451 est
712 1387 945 1456 vitium,
994 1389 1101 1452 sed
1144 1401 1471 1445 commune
1513 1383 1886 1444 valetudinis.
1966 1381 2167 1457 Quam
2219 1383 2334 1445 fuit
2368 1383 2709 1447 imbecillus

487 1473 556 1532 P.
587 1468 849 1530 Africani
877 1467 1035 1527 filius
1060 1465 1134 1534 is,
1163 1464 1267 1542 qui
1307 1477 1367 1523 te
1413 1461 1746 1540 adoptavi&
1786 1462 1969 1537 quaim
2016 1465 2201 1537 tenui,
2244 1475 2347 1524 aut
2391 1466 2546 1524 nulli
2587 1483 2700 1539 po-

488 1552 608 1612 tius
630 1544 1017 1608 valedudine!
1061 1545 1219 1623 quod
1247 1543 1309 1602 ni
1345 1543 1426 1601 ita
1473 1540 1704 1611 fuisset,
1751 1541 2004 1604 alterum
2031 1541 2133 1600 ille
2161 1542 2456 1604 extitisset
2491 1546 2708 1604 lumen

381 1639 449 1690 10
486 1627 783 1698 civitatis;
820 1640 879 1687 at
904 1640 1207 1703 paternam
1233 1622 1397 1682 enim
1421 1617 1900 1696 magnitudinem
1946 1619 2129 1692 animi
2174 1622 2443 1682 doctrina
2462 1622 2708 1683 uberior

487 1719 840 1770 accesserat.
922 1704 1084 1778 Quid
1134 1702 1357 1763 mirum
1408 1699 1599 1778 igitur
1633 1698 1697 1757 in
1743 1700 2002 1771 senibus,
2044 1699 2098 1758 si
2150 1699 2375 1763 infirmi
2419 1716 2556 1763 sunt
2601 1703 2711 1760 ali·

490 1788 742 1867 quando,
794 1785 938 1845 eum
980 1800 1057 1841 ne
1100 1782 1161 1840 id
1197 1781 1446 1859 quidem
1496 1779 1903 1854 adolescentes
1952 1779 2226 1857 effugere
2275 1781 2548 1858 possint?
2585 1773 2707 1839 ne-

488 1865 840 1932 sistendum,
880 1860 1054 1932 Lati,
1079 1863 1131 1918 δι
1156 1860 1385 1937 Scipio,
1413 1856 1708 1919 senectuti
1757 1871 1866 1925 est,
1909 1858 2166 1938 ejusque
2213 1860 2353 1920 vitia
2398 1859 2712 1939 diligentia

487 1941 923 2019 compensanda
960 1953 1112 2001 sunt.
1211 1938 1609 2018 Pugnandum
1673 1938 1950 2014 tanquam
2007 1949 2210 1997 contra
2275 1942 2579 2008 morbum,
2621 1938 2716 1996 sie

381 2032 444 2083 15
485 2035 688 2084 contra
734 2030 1131 2082 senectutem.
1211 2018 1501 2079 Habenda
1546 2015 1690 2074 ratio
1728 2014 2129 2086 valetudinis;
2193 2020 2484 2080 utendum
2535 2035 2714 2078 exer·

404 2116 419 2138 ³
486 2101 864 2166 citationibus
889 2098 1143 2160 modicis
1166 2119 1185 2158 ε
1228 2109 1457 2159 tantum
1497 2092 1617 2154 cibi
1652 2097 1705 2151 ἃ.
1729 2097 1985 2172 potionis
2036 2096 2455 2170 adhibendum,
2500 2112 2568 2159 ut
2620 2116 2714 2154 re-

487 2182 761 2243 ficiantur
788 2181 1107 2249 vires‚non
1133 2176 1561 2254 opprimantur.
1642 2174 1777 2234 Nec
1811 2174 1955 2235 verb
1995 2175 2231 2254 corpori
2272 2177 2383 2235 soli
2428 2175 2708 2239 subveni-

491 2262 717 2323 endum
743 2271 853 2327 est,
898 2258 1007 2316 sed
1032 2255 1220 2318 menti
1246 2269 1421 2332 atque
1449 2253 1647 2315 animo
1674 2253 2111 2334 multomagis.
2190 2256 2349 2326 Nam
2383 2257 2520 2319 haec
2565 2275 2718 2334 quo-

381 2333 410 2359 '
488 2357 627 2419 que,
656 2339 771 2399 nisi
798 2335 1078 2413 tanquam
1108 2333 1323 2398 lumini
1345 2337 1552 2395 oleum
1590 2330 1861 2405 instilles,
1887 2335 2310 2411 extinguuntur
2346 2347 2720 2405 senectute;

370 2429 447 2478 ¹20
488 2425 539 2478 se
584 2435 849 2494 corpora-
877 2415 1123 2494 quidem
1188 2412 1608 2491 defatigatione
1659 2423 1704 2473 δι
1759 2412 2173 2476 exercitatione
2223 2412 2718 2488 ingravescuntz

370 2505 425 2581 ,ζ
488 2498 670 2559 animi
699 2509 899 2557 autem
924 2493 1307 2553 exercitando
1336 2496 1639 2554 levanturt
1668 2509 1807 2552 nam
1824 2511 1976 2569 quos
1995 2492 2073 2550 alt
2096 2491 2716 2552 Caecilius-zonam

490 2584 700 2639 stultos
749 2595 932 2644 senec,
971 2574 1081 2631 hos
1120 2570 1415 2647 significat
1461 2569 1754 2642 credulos,
1780 2570 2121 2642 obliviosos,
2158 2569 2478 2631 dissolutos
2504 2594 2524 2631 ε
2566 2586 2708 2648 quae

400 2683 435 2728 ῃ
488 2659 631 2720 vitis
654 2674 769 2714 non
795 2666 932 2714 sunt
959 2649 1303 2719 senectutis,
1343 2648 1450 2705 sed
1475 2647 1706 2720 inertis,
1741 2648 1992 2728 ignavae,
2026 2647 2440 2712 somniculosae
2495 2667 2708 2708 senee-

486 2737 669 2797 tntisz
729 2743 798 2791 ut
835 2727 1178 2805 petulantia,
1221 2740 1289 2787 ut
1348 2725 1552 2795 libido,
1600 2726 1797 2806 mag-is
1837 2742 1931 2788 est
1973 2727 2465 2796 adolescentium,
2519 2730 2704 2806 quim

370 2826 440 2877 25
483 2831 735 2882 senum3
774 2824 887 2866 nec
927 2819 1128 2866 tamen
1163 2805 1432 2868 omnium
1473 2807 1963 2878 adolescentium,
2021 2810 2129 2869 sed
2171 2827 2287 2868 non
2332 2809 2661 2884 proborum
2683 2831 2704 2867 z

485 2893 573 2953 alc
610 2890 722 2948 ista
760 2885 967 2945 senilis
1019 2884 1284 2954 stultitia,
1324 2904 1461 2962 quae
1500 2885 1770 2946 deliratio
1817 2888 2104 2963 appellari
2150 2889 2324 2958 solet,
2365 2905 2578 2948 senum
2622 2890 2703 2948 le-

485 2971 651 3034 vium
680 2981 791 3038 est,
836 2985 953 3026 non
997 2965 1291 3026 omnium·
1373 2965 1646 3037 Quatuot·
1689 2968 1961 3027 robustos
2010 2965 2187 3037 filios,
2227 2965 2486 3044 quinque
2533 2963 2711 3038 filias,

484 3063 709 3111 tantam
737 3048 1006 3114 domum,
1052 3057 1240 3105 tantas
1282 3041 1592 3114 clientelas
1629 3043 1867 3123 Appius
1913 3047 2154 3122 regebat
2183 3051 2236 3106 ὃς
2265 3063 2467 3114 senex,
2494 3047 2543 3101 a
2579 3063 2708 3107 εε-

486 3133 633 3192 cus':
675 3129 974 3189 intentum
1001 3124 1164 3183 enim
1188 3122 1477 3191 animum,
1517 3135 1795 3201 tanquam
1840 3139 2071 3194 arcum,
2112 3124 2390 3200 habebat,
2427 3140 2532 3182 nec
2575 3125 2712 3183 lan-

376 3223 447 3272 30
490 3227 788 3290 guescens
843 3203 1272 3265 succumbebat
1317 3201 1653 3262 senectuti=
1720 3204 1952 3262 tenebat
1994 3221 2112 3261 non
2151 3199 2332 3263 modo
2393 3202 2710 3264 auctorita-

378 3319 388 3329 ⁴
487 3306 635 3358 tem,
659 3286 769 3347 sed
812 3284 992 3344 etiam
1043 3281 1371 3357 imperium
1415 3280 1477 3340 in
1510 3300 1648 3343 suos
1668 3302 1687 3341 t
1747 3282 2088 3342 metuebant
2128 3281 2316 3354 servi,
2357 3283 2724 3341 verebantur

491 3367 686 3436 liberi,
710 3382 917 3424 carum
943 3377 1154 3423 omnes
1175 3362 1469 3420 habebant
1494 3381 1513 3419 ε
1556 3360 1793 3440 vigebat
1818 3360 1881 3419 in
1920 3358 2029 3420 ina
2067 3361 2248 3422 domo
2276 3361 2516 3451 patrius
2555 3379 2722 3432 mos,

491 3454 544 3509 δι
570 3442 897 3521 disciplina.
980 3443 1068 3500 Ita
1116 3438 1283 3501 enim
1333 3453 1611 3501 senectus
1659 3445 1907 3500 honesta
1949 3453 2062 3510 est,
2109 3440 2162 3500 si
2189 3455 2406 3516 seipsa
2427 3438 2724 3512 defendit,

486 3530 537 3587 si
584 3526 685 3604 jus
731 3539 911 3582 suum
961 3522 1197 3589 retinet,
1250 3520 1302 3578 si
1353 3519 1581 3579 nemini
1629 3515 1996 3595 emancipata
2040 3531 2150 3592 est,
2192 3515 2245 3576 si
2269 3535 2464 3595 usqne
2511 3517 2587 3577 ad
2613 3535 2724 3578 ex·

374 3617 448 3670 35
491 3621 753 3674 tremum
783 3598 1062 3676 spiritum
1114 3598 1374 3658 vindicet
1413 3596 1516 3676 jus
1564 3615 1777 3660 suum:
1818 3611 1885 3657 ut
1933 3597 2096 3657 enim
2135 3596 2608 3668 adolescentem,
2661 3598 2728 3658 in

487 3704 607 3765 qno
657 3681 843 3744 senile
892 3679 1155 3755 aliquid;
1221 3680 1310 3737 sic
1362 3694 1589 3748 senem,
1627 3678 1686 3735 in
1725 3694 1846 3753 quo
1894 3689 1986 3736 est
2034 3676 2428 3735 adolescentis
2459 3675 2732 3754 aliquid,

392 3795 399 3800 -
490 3767 713 3846 probo:
756 3759 915 3836 quod
940 3759 1041 3833 qui
1069 3756 1359 3834 sequitur,
1385 3772 1634 3831 corpore
1657 3763 1844 3814 senex
1871 3773 2005 3814 esse
2048 3751 2285 3832 poterit,
2330 3753 2536 3814 animo
2568 3774 2728 3816 nun·

487 3845 667 3922 quam
718 3840 850 3898 erit.
951 3836 1256 3912 Septimus
1307 3832 1461 3895 mihi
1505 3835 1828 3914 Originum
1857 3834 2007 3892 liber
2026 3845 2118 3893 est
2144 3831 2203 3890 in
2229 3833 2545 3893 manibus:
2595 3853 2733 3896 mn·

487 3925 585 3982 nia
634 3916 995 3996 antiquitatis
1035 3927 1422 3976 monumenta
1465 3914 1687 3993 colligo
1709 3935 1726 3970 ε
1790 3931 2100 3974 causarum
2155 3910 2505 3982 illustrium,
2542 3932 2734 3991 quas·

371 4013 448 4064 4ο
489 4019 747 4077 eumque
796 3994 1054 4064 defendi,
1098 4013 1254 4055 nunc
1312 3992 1495 4070 quam
1568 3991 1830 4052 maxime
1903 3990 2152 4072 conficio
2201 3988 2504 4049 orationes
2527 4013 2548 4050 ε
2619 3993 2728 4072 jus

487 4083 835 4153 Augurum,
864 4071 1239 4143 Pontificum,
1264 4072 1461 4130 Civile
1512 4082 1741 4132 tracto:
1811 4071 2067 4132 multum
2112 4067 2300 4130 etiam
2340 4068 2596 4131 Graecia
2637 4067 2734 4131 lit·

390 4207 399 4214 ,
483 4157 635 4216 teris
689 4170 867 4224 utor3
933 4153 1567 4229 Pythagoreorumque
1610 4168 1800 4222 more,
1850 4149 2197 4209 exercendae
2242 4147 2554 4208 memoria
2591 4167 2732 4232 gra·

482 4236 591 4305 tit,
635 4235 776 4312 quid
830 4249 1067 4308 quoque
1114 4229 1211 4289 die
1259 4228 1540 4300 dixerim,
1600 4229 1916 4299 audierim,
1984 4226 2242 4307 egerim,
2295 4243 2730 4292 commemoro

481 4314 740 4391 vesperi.
818 4310 930 4369 11ae
958 4323 1094 4372 sunt
1114 4305 1580 4369 exercitationes
1603 4299 1853 4386 ingenii,
1899 4310 2034 4371 haee
2093 4304 2394 4369 curricula
2443 4307 2690 4370 memb
2709 4326 2736 4364 ε

366 4404 439 4478 45
480 4393 542 4455 in
582 4391 676 4450 his
720 4388 1017 4450 desudans
1068 4400 1243 4467 atque
1292 4390 1602 4473 elaborans
1652 4383 1919 4477 corporis
1964 4385 2125 4473 gires
2181 4399 2303 4450 non
2347 4385 2739 4526 nzagngpeoe*

2433 4480 2528 4525 est
2575 4481 2690 4527 em
2710 4484 2736 4525 a

2840 2241 2842 2358 w
