2875 4842
1007 348 1099 392 nn.
1141 324 1681 391 SENECTUTE:
2397 335 2511 440 50?

178 485 364 549 ‘ctiam
403 487 462 547 in
489 488 728 548 summa
771 479 947 563 copia
978 495 1108 549 *non
1137 490 1351 567 gravis.
1433 486 1763 564 Aptissima
1786 487 2024 549 omnino
2049 500 2202 556 sunt.
2251 488 2382 548 Sci·
2421 489 2496 549 25

180 567 303 643 pio,
331 573 378 626 ει
403 568 575 636 Laeli,
609 584 775 625 arma
825 569 1173 638 senectutis,
1214 581 1375 627 artes
1426 566 1999 642 exercitationesque
2055 568 2381 628 virtutum:

167 664 307 720 -quae
337 644 394 705 in
422 644 584 704 omni
606 656 779 703 aetate
807 647 1007 713 cultae,
1055 646 1194 705 cum
1242 648 1497 705 multum
1535 645 1758 721 diuque
1809 644 2055 719 vixeris,
2102 648 2386 708 mirificos

179 725 436 784 efferunt
462 725 711 792 tructus,
746 742 862 782 non
889 723 1081 784 solum
1106 725 1244 801 quia
1269 741 1569 800 nunquam
1589 725 1892 792 deserunt,
1927 745 2004 783 ne
2030 727 2090 785 in
2113 739 2385 786 extremo

177 804 424 879 quidem
450 815 719 876 tempore
747 803 955 870 aetatis,
998 805 1330 879 quanquam
1358 802 1421 861 id
1462 801 1790 861 maximum
1838 816 1949 874 est,
1973 823 2184 862 verum
2210 804 2386 864 etiam

173 881 317 956 quia
350 901 363 914 ·
387 879 749 939 conscientia
816 883 965 939 bene
1036 895 1184 942 actae
1242 881 1405 951 vitae,
1451 884 1895 958 multorumque
1945 883 2384 944 benefactorum
2428 890 2500 942 30

176 959 533 1030 recordatio,
554 958 987 1037 jucundissima
1006 972 1114 1019 est.
2235 979 2244 986 ·

158 1107 165 1114 Ι
252 1039 367 1097 lv.
408 1039 546 1114 Ego
563 1037 643 1111 Q.
669 1035 1028 1100 Maximum.
1047 1056 1210 1110 eum,
1234 1040 1339 1114 qui
1386 1041 1717 1099 Tarentum
1757 1039 2004 1116 recepit,
2047 1041 2393 1100 adolescens

170 1117 259 1176 ita
281 1116 469 1175 dilexi
496 1135 721 1185 senem,
746 1129 809 1175 ut
839 1118 1169 1193 :equalem3
1211 1132 1339 1178 crat
1389 1118 1552 1177 enim
1602 1116 1708 1174 illo
1756 1119 1884 1177 viro
1932 1120 2208 1178 comitate
2254 1137 2392 1180 con-

171 1193 300 1256 dita
325 1196 579 1271 gravitas
601 1217 619 1252 :
659 1213 771 1254 nec
799 1201 1077 1255 senectus
1104 1215 1302 1255 mores
1327 1208 1700 1266 mutaverat3
1740 1199 2074 1274 quanquam
2126 1215 2267 1256 eum
2295 1217 2393 1257 co·

164 1276 304 1339 lere
358 1274 514 1353 coepi
566 1293 678 1333 non
727 1273 1041 1335 admodum
1092 1277 1378 1353 grandem
1428 1289 1587 1342 natu,
1638 1278 1743 1334 sed
1795 1291 1988 1336 tamen
2039 1277 2163 1357 jam
2219 1291 2391 1336 aetate

158 1370 565 1437 provectum:
605 1372 754 1412 anno
779 1355 939 1412 enim
967 1369 1100 1431 post
1127 1355 1352 1413 Consul
1378 1353 1641 1431 primam
1668 1354 1876 1424 fuerat,
1897 1358 2077 1432 quam
2124 1372 2241 1431 ego
2291 1375 2389 1416 na·
2429 1367 2463 1416 5

165 1444 271 1491 tus
299 1450 470 1491 sum:
507 1449 765 1508 cumque
793 1449 867 1490 eo
893 1433 1170 1509 quartum
1198 1435 1461 1492 Consule
1515 1434 1991 1493 adolescentulus
2032 1433 2209 1494 miles
2252 1453 2390 1509 pro·

167 1509 365 1570 fectus
391 1531 523 1570 sum
550 1510 623 1568 sd
644 1510 932 1585 Capuam,
958 1512 1284 1590 quintoque
1337 1532 1489 1573 anno
1539 1525 1670 1588 post
1714 1513 1787 1571 ad
1833 1515 2160 1573 Tarentum
2203 1514 2389 1586 Quae·

167 1600 297 1647 etot·
322 1610 339 1645 :
383 1589 596 1647 deinde
625 1588 857 1659 AEdilis,
881 1591 1269 1666 quadriennio
1311 1606 1446 1668 post
1489 1589 1680 1651 factus
1733 1609 1867 1650 sum
1897 1595 2126 1660 Praetor
2149 1611 2165 1641 =
2204 1597 2387 1669 quein

163 1669 584 1745 magistratum
605 1665 771 1745 gessi
797 1665 1157 1728 Consulibus
1183 1671 1481 1730 Tuditano
1536 1676 1586 1728 δι
1615 1672 1913 1744 Cethego,
1959 1672 2095 1729 cum
2144 1669 2387 1747 quidem

162 1743 270 1803 ille
302 1746 621 1804 admodum
648 1765 851 1816 senex,
877 1766 1083 1806 suasor
1131 1749 1286 1827 legis
1336 1748 1566 1809 Cinciae
1621 1751 1695 1807 de
1744 1749 1915 1807 donis
1960 1756 2010 1809 a
2041 1751 2389 1811 muneribus
2436 1758 2503 1810 10

161 1821 298 1885 fuit.
359 1824 477 1884 Hic
501 1828 549 1884 ει
576 1825 798 1884 bellum
821 1829 1065 1906 gerebat
1085 1839 1151 1887 ut
1176 1827 1538 1894 adolescens,
1560 1847 1699 1888 cum
1723 1829 1892 1904 plane
1919 1831 2159 1908 grandis
2181 1841 2381 1901 esset:

170 1910 223 1962 St
275 1904 635 1965 Annibalem
661 1902 1022 1983 juveniliter·
1047 1910 1415 1967 exultantem
1457 1907 1742 1983 patientia
1785 1910 1897 1968 sua
1935 1908 2275 1968 molliebat:
2315 1909 2391 1969 de

42 2005 63 2028 ·
162 2003 292 2060 ¹quo
318 1984 605 2061 praeclare
628 1981 934 2042 familiaris
962 1997 1163 2044 noster
1189 1987 1422 2046 Ennius
1443 2006 1460 2041 :

494 2064 655 2118 Unus
678 2066 779 2136 qui
804 2067 962 2122 nobis
992 2072 1314 2124 cunctando
1342 2068 1604 2121 restituit
1630 2084 1771 2121 rem.

488 2143 623 2197 Non
640 2144 891 2210 ponebat
919 2147 1069 2199 enim
1094 2162 1354 2203 rumores
1378 2156 1515 2200 ante
1542 2151 1804 2201 salutem.
2439 2159 2504 2209 15

486 2221 658 2293 Ergo
688 2225 986 2293 mag-isque
1011 2227 1132 2280 viri
1157 2243 1308 2282 nunc
1331 2226 1526 2296 gloria
1553 2226 1754 2279 claret.

150 2304 501 2362 Tarentum
555 2296 721 2368 verb,
758 2299 881 2374 qua
929 2300 1251 2378 vigilantia,
1305 2319 1426 2379 quo
1480 2301 1727 2360 consilio
1772 2302 2022 2378 recepit,
2073 2305 2213 2366 cum
2259 2310 2391 2385 qui-

158 2383 327 2452 dem,
350 2396 448 2437 me
476 2377 773 2448 audiente,
810 2378 1151 2452 Salinatori,
1191 2382 1296 2459 qui
1338 2380 1575 2449 amisso,
1620 2380 1857 2456 oppido-3
1909 2383 2147 2461 fugeret
2192 2385 2252 2445 in
2300 2406 2390 2446 ar·

162 2478 326 2528 cem,
366 2457 637 2534 glorianti
664 2459 841 2533 atque
871 2457 952 2516 ita
975 2459 1235 2520 dicenti:
1299 2460 1445 2518 Mea
1486 2475 1683 2535 opera,
1737 2460 1811 2532 Q.
1861 2460 2024 2532 Fabi,
2062 2464 2392 2525 Tarentum

157 2535 491 2612 recepisti:
525 2533 727 2600 Certe,
750 2536 940 2613 inquit
965 2538 1207 2608 ridens;
1250 2556 1406 2607 nam,
1433 2539 1550 2597 nisi
1602 2552 1667 2595 tu
1715 2538 2038 2611 amisisses,
2087 2544 2391 2622 nunquam
2430 2552 2508 2601 20

46 2661 63 2682 .
162 2614 558 2691 recepissem.
639 2614 773 2671 Nec
799 2615 946 2674 vero
965 2614 1024 2673 in
1052 2617 1235 2677 armis
1282 2616 1674 2693 praestantior,
1723 2618 1903 2696 quam
1958 2621 2019 2678 in
2069 2626 2248 2712 toga:
2286 2623 2390 2699 qui

163 2692 399 2753 Consul
426 2692 665 2759 iterum,
691 2690 795 2767 Sp.
825 2692 1085 2750 Carvilio
1113 2698 1351 2773 collega
1404 2695 1772 2772 quiescente,
1815 2697 1883 2754 C.
1927 2693 2221 2759 Flaminio
2250 2702 2390 2760 Tri-

170 2773 446 2846 buno-pl.
495 2771 687 2846 quoad
737 2769 927 2843 potuit
973 2772 1208 2842 restitit,
1255 2791 1469 2849 agrum
1499 2773 1806 2833 Picentem
1839 2780 1888 2835 δε
1916 2776 2222 2839 Gallicum
2253 2780 2394 2839 viri,

162 2851 280 2911 tim
309 2859 515 2907 contra
539 2848 791 2907 Senatfls
816 2848 1224 2910 auctoritatem
1249 2851 1534 2911 dividenti
1559 2866 1574 2903 =
1637 2857 1973 2930 Augurque
2023 2856 2163 2917 cum
2213 2872 2393 2931 esset,

162 2929 375 2988 dicere
398 2946 580 2987 ausus
604 2940 715 2997 est,
743 2930 970 2998 optimis
994 2934 1265 3000 auspiciis
1291 2949 1356 2987 ea
1376 2933 1528 3004 geri,
1553 2947 1674 3000 quae
1702 2941 1817 3000 stro
1847 2940 1990 3003 reip.
2017 2942 2204 2993 salute
2218 2957 2389 3010 gere·
2429 2948 2503 3000 25

160 3020 377 3070 rentur
398 3027 423 3066 .·
466 3024 587 3080 que
615 3020 817 3066 contra
843 3009 1377 3080 anafilhi-rentur,
1397 3021 1602 3066 contra
1632 3012 1889 3079 auspicia
1896 3014 2079 3082 ferri.
2114 3015 2309 3075 Multa
2331 3014 2392 3074 in

158 3105 241 3147 oo
270 3088 557 3164 praeclara
582 3086 871 3165 cognovi:
915 3083 1021 3142 sed
1072 3085 1218 3147 nihil
1264 3100 1357 3149 cst
1405 3085 1831 3156 admirabilius,
1870 3090 2049 3166 quam
2096 3095 2394 3167 quomodo

156 3168 268 3225 ille
296 3177 554 3224 mortem
584 3167 675 3226 M.
714 3163 826 3224 filii
872 3164 1029 3236 tulit,
1074 3167 1217 3224 clari
1260 3167 1391 3238 viri,
1437 3171 1487 3226 δι
1530 3165 1918 3224 Consularis:
1961 3180 2053 3227 est
2099 3170 2165 3228 in
2207 3173 2391 3232 mani-

161 3247 280 3303 bus'
329 3241 624 3313 laudatio:
689 3261 869 3322 quam
916 3261 1057 3301 cum
1108 3247 1392 3322 legimus,
1417 3262 1598 3322 quem
1641 3244 2062 3322 philosophum
2095 3244 2209 3307 ndn
2252 3270 2392 3309 con·

162 3320 539 3382 temnimus?
579 3325 716 3383 Nec
744 3339 887 3381 vero
909 3322 1011 3380 ille
1060 3322 1120 3381 in
1168 3328 1304 3384 luce
1352 3325 1552 3394 modo,
1591 3336 1768 3402 atque
1812 3324 1872 3382 in
1914 3326 2107 3386 oculis
2159 3330 2381 3387 civium
2430 3339 2505 3392 30

158 3418 468 3477 magnus:
510 3402 617 3460 sed
644 3401 802 3461 intus
848 3400 1131 3476 domique
1183 3405 1595 3480 praestantior:
1635 3404 1739 3478 qui
1767 3404 2015 3462 sermo?
2055 3425 2186 3483 quoe
2233 3423 2390 3482 prae·

159 3480 386 3557 nepta?
421 3493 636 3555 quanta
673 3479 880 3540 notitia
931 3481 1335 3555 antiquitatis?
1403 3500 1536 3560 quie
1588 3482 1836 3541 scientia
1883 3483 2044 3563 juris
2091 3486 2387 3564 augurii?

158 3561 379 3620 multae
405 3556 608 3630 etiam,
659 3572 725 3620 ut
750 3560 812 3617 in
838 3559 1078 3617 homine
1132 3562 1420 3633 Romano,
1462 3562 1690 3627 literoe:
1725 3562 1923 3621 omnia
1971 3565 2266 3624 memoria
2302 3579 2390 3625 te-

162 3639 361 3706 nebat,
380 3654 494 3695 non
522 3636 849 3699 domestica
876 3636 1090 3708 solum,
1115 3641 1222 3698 sed
1249 3642 1431 3700 etiam
1485 3654 1733 3700 externa
1778 3642 1968 3715 bella:
2032 3644 2209 3723 cujus
2264 3655 2391 3702 ser-

163 3732 344 3774 mone
365 3715 446 3775 im
469 3715 593 3775 uim
619 3717 835 3794 cupide
857 3715 1109 3786 fruebar,
1134 3721 1303 3795 quasi
1327 3719 1452 3798 jam
1478 3720 1807 3778 divinarem
1856 3720 1939 3793 id,
1984 3724 2143 3799 quod
2167 3723 2389 3797 evenit,
2426 3732 2498 3787 35

166 3795 273 3853 ilio
300 3794 585 3865 extincto,
612 3796 738 3854 fore
767 3796 923 3855 unde
950 3795 1217 3856 dicerem
1238 3799 1562 3857 neminem.

180 3893 189 3900 ·
246 3873 329 3931 V.
368 3874 678 3946 Quorsum
715 3874 904 3952 igitur
945 3877 1072 3933 boec
1109 3878 1233 3935 tam
1262 3880 1449 3936 multa
1493 3876 1568 3935 de
1598 3878 1919 3937 Maximo?
1954 3880 2090 3957 quia
2117 3877 2386 3953 profecto

166 3951 404 4020 videtis,
424 3953 587 4014 nefas
608 3972 742 4014 esse
768 3954 952 4022 dictu,
993 3954 1277 4015 miseram
1328 3956 1517 4015 fuisse
1564 3960 1745 4015 talem
1773 3972 2165 4034 senectutem.
2248 3961 2385 4020 Nec

165 4042 365 4089 tamen
385 4049 596 4091 omnes
620 4030 868 4108 p'ossunt
886 4047 1023 4091 esse
1051 4032 1381 4110 Scipiones,
1430 4049 1531 4095 aut
1579 4036 1860 4107 Maximi,
1899 4046 1965 4094 ut
2007 4037 2248 4096 urbium
2276 4058 2387 4101 ex-

167 4107 582 4183 pugnationes,
607 4125 673 4168 ut
693 4113 1001 4189 pedestres
1025 4116 1385 4191 navalesque
1419 4133 1670 4191 pugnas,
1715 4129 1783 4174 ut
1807 4118 1964 4174 bella
2008 4114 2043 4174 a
2085 4118 2149 4173 s‘e
2197 4133 2384 4192 gesta,

112 4198 119 4209 “
165 4197 236 4243 ut
270 4187 604 4266 triumphos
647 4189 1072 4261 recordentur;
1113 4205 1207 4252 est
1258 4193 1420 4252 enirn
1461 4195 1678 4270 quiete,
1720 4192 1776 4246 ὃ(
1816 4194 1961 4269 pure
1992 4200 2040 4253 δι
2072 4197 2381 4271 eleganter
2465 4213 2496 4262 ⁵

166 4275 320 4323 actae
346 4269 534 4326 aetatis
561 4266 791 4343 placida
815 4285 882 4327 ac
912 4269 1060 4328 lenis
1103 4287 1420 4332 senectus:
1463 4276 1701 4347 qualem
1729 4272 2074 4347 accepimus
2103 4275 2385 4349 Platonis,

168 4343 274 4434 qui
300 4362 421 4402 uno
453 4349 504 4404 Be
531 4345 901 4422 octogesimo
925 4365 1074 4407 anno
1103 4353 1369 4411 scribens
1396 4366 1668 4409 mortuus
1695 4364 1786 4408 est
1811 4370 1828 4405 :
1868 4353 2107 4426 qualem
2159 4354 2384 4414 Isocra·

164 4436 263 4492 tis,
288 4423 560 4500 quicum
608 4424 845 4494 librum,
887 4423 990 4503 qui
1034 4430 1501 4490 Panathenaicus
1539 4426 1897 4501 inscribitur,
1943 4444 2154 4505 quarto
2182 4436 2231 4488 δι
2272 4449 2380 4489 no·

166 4503 473 4580 nsgesimo
499 4517 654 4566 anno
689 4503 1003 4581 scripsisse
1042 4507 1278 4582 dicitur,
1313 4508 1584 4583 vixitque
1629 4506 2100 4584 quinquennium
2129 4510 2335 4585 postea
2361 4531 2383 4581 ;

270 4615 285 4628 ι
782 4611 791 4620 -
1007 4612 1019 4621 ·
2218 4604 2396 4668 cujus
