2875 4842
14 0 175 117 V,

224 228 265 353 γ’
345 258 449 317 xiv
734 206 745 219 ⁸
1075 255 1171 314 M.
1199 254 1490 315 mm
1525 248 1981 314 mentiosus

337 422 735 489 capesserent,
755 410 930 487 Reip.
955 421 1140 470 status
1164 413 1236 470 ab
1251 411 1340 469 eis
1354 414 1824 470 convellereture
1853 412 2034 470 Rullo
2057 411 2302 483 obstitit,
2322 409 2670 489 neptim

334 494 398 552 in
419 510 581 558 eum,
608 492 1013 558 secundam&
1028 492 1260 549 tertiam
1278 491 1598 549 orationem
1621 490 2013 549 Consularem
2035 493 2235 551 babuit
2258 506 2389 550 tum
2406 490 2465 548 in
2483 491 2668 549 Sena·

336 583 424 637 tu,
443 584 574 628 tum
598 569 669 627 ad
693 571 1000 644 populum,
1025 569 1339 644 effecitque
1367 581 1432 626 ut
1458 569 1724 643 Respub.
1747 587 1963 644 magno
1988 570 2367 644 largitionum
2393 582 2557 628 netu
2595 568 2668 626 li·

335 650 644 706 beraretur
669 668 685 702 ε
710 648 1010 705 Othonem
1038 650 1254 722 populo
1278 645 1652 706 conciliavit:
1681 664 1814 705 nam
1842 648 1941 705 ille
1966 647 2209 707 veniens
2231 648 2290 707 in
2317 647 2670 715 Theatrum,

339 726 472 785 etim
500 725 711 802 partim
732 728 805 783 ab
821 724 1118 800 equitibus
1136 742 1368 782 summo
1387 725 1619 798 plausu,
1636 725 1850 801 partim
1872 726 1904 782 a
1922 727 2095 800 plebe
2117 726 2368 784 sibilis&
2382 722 2668 783 conviciis

335 806 740 880 exciperetur,
762 822 833 860 ac
850 804 991 861 nibil
1020 804 1196 881 prope
1219 806 1472 868 abesset,
1496 804 1638 878 quin
1660 804 1849 862 caedes
1870 803 2147 880 utrinque
2174 802 2434 862 maxima
2477 802 2671 871 lieret,

338 884 555 941 Cicero
574 883 818 950 Consul,
845 880 1017 959 eujus
1039 897 1166 939 erat
1182 879 1356 939 saluti
1381 880 1603 937 civium
1631 881 1992 956 prospicere,
2015 885 2303 959 populum
2345 882 2404 939 in
2429 879 2669 938 eoneio·

336 980 499 1025 nem.
536 962 607 1019 ad
633 960 820 1018 aedem
848 960 1103 1018 Bellonae
1131 957 1495 1025 convocavit,
1533 960 1852 1035 effecitque
1880 966 1930 1019 δι
1961 960 2465 1037 reprehendendo,
2489 963 2538 1017 ει
2566 972 2670 1032 pa·

334 1041 504 1101 terne
527 1040 904 1105 admonendo,
932 1052 997 1097 ut
1020 1037 1279 1096 universi
1306 1036 1379 1093 ad
1404 1035 1734 1094 Theatrum
1764 1038 1988 1096 reversi
2013 1058 2108 1097 ma
2249 1039 2458 1112 plausu
2478 1037 2670 1096 otho·

335 1138 478 1178 nem
505 1116 845 1192 exciperent
873 1135 891 1171 ι
918 1117 1074 1192 apud
1104 1117 1390 1189 populum
1419 1113 1561 1170 vere
1592 1115 1896 1174 Rabirium
1922 1117 2094 1175 desen
2139 1115 2329 1185 ‘t,eui,
2349 1115 2670 1195 instigante

336 1200 411 1256 C.
441 1196 603 1257 Julio
629 1197 881 1263 Caesare,
898 1194 1031 1251 dies
1058 1192 1489 1268 perduellionis
1511 1196 1544 1248 a
1572 1194 1827 1251 Labieno
1848 1194 2044 1252 dictus
2065 1206 2214 1253 erat.

414 1281 500 1335 At
526 1273 849 1349 praesertim
875 1271 1145 1329 Catilinae
1173 1269 1673 1342 perniciosissime
1697 1271 1965 1331 omnium
2005 1275 2080 1331 de
2125 1274 2359 1349 Repub.
2403 1293 2474 1332 oo
2519 1273 2670 1333 itan·

335 1356 414 1417 tis
460 1355 637 1430 fregit
684 1351 1012 1418 audaciam,
1059 1355 1110 1409 St
1152 1347 1505 1424 compressit
1529 1349 1807 1424 impetus.
1847 1350 2001 1409 Cum
2028 1351 2191 1410 enim
2218 1352 2319 1410 ille
2357 1354 2458 1411 vix
2508 1364 2674 1409 erret

333 1432 727 1508 antepositum
756 1428 871 1486 sibi
894 1426 1080 1484 fuisse
1106 1429 1165 1487 in
1191 1429 1517 1485 Consulatu
1561 1428 1813 1502 petendo
1839 1430 2215 1499 Ciceronem,
2239 1448 2400 1489 arma
2421 1449 2529 1507 per
2553 1431 2672 1489 Ita·

332 1512 475 1573 iiam
500 1509 647 1568 locis
672 1504 1023 1582 opportunis
1050 1519 1391 1580 paraverat,
1421 1503 1557 1581 quo,
1582 1523 1648 1564 ac
1676 1508 2008 1580 praesertim
2037 1509 2315 1577 Faesulas,
2353 1506 2674 1587 pecuniam

334 1593 446 1650 sua
493 1602 593 1648 aut
631 1586 963 1644 amicorum
1004 1581 1119 1642 fide
1162 1598 1481 1660 sumptam,
1520 1585 1592 1641 ad
1636 1584 1709 1642 C.
1757 1583 2050 1645 Manlium
2077 1587 2506 1648 centurionem
2533 1604 2676 1661 por·

332 1676 510 1736 tabat,
530 1662 874 1736 multosque
903 1659 1017 1719 sibi
1038 1662 1300 1742 cujusvis
1331 1662 1569 1737 generis
1597 1662 1864 1721 homines
1908 1664 2282 1744 adjungebat,
2323 1666 2539 1743 quibus
2573 1667 2675 1745 ju-

330 1747 604 1809 vantibus
644 1740 873 1797 Consul
910 1738 970 1797 in
998 1752 1349 1821 sequentem
1375 1758 1594 1799 annum
1621 1752 1724 1799 aut
1759 1741 2190 1819 designaretur,
2215 1755 2317 1803 aut
2371 1745 2688 1825 Retnpub⁰¹

329 1825 650 1905 perderet;
693 1818 754 1875 id
791 1816 893 1874 ubi
937 1834 1313 1895 compertum
1360 1819 1562 1878 habuit
1605 1816 1844 1890 Cicero,
1881 1822 2085 1881 retulit
2104 1824 2178 1882 ad
2218 1824 2523 1893 Senatum,
2549 1819 2682 1898 pla}

331 1904 603 1976 euitque,
629 1909 699 1957 ut
746 1896 818 1954 ad
852 1912 1264 1976 poenam,quae
1312 1896 1571 1969 ambitus
1621 1896 1866 1955 crimini*
1906 1901 2222 1961 constituta
2267 1916 2413 1970 erat,
2457 1903 2673 1959 decem
2727 1918 2743 1977 ζ

330 1994 620 2043 annorum
660 1971 933 2034 exilliutn
972 1977 1111 2054 lege
1138 1978 1256 2036 lata.
1282 1976 1354 2034 ad
1380 1977 1669 2053 populum
1692 1976 2028 2039 adderetur.
2107 1980 2432 2040 Ferebatur
2455 1981 2675 2041 eadem

330 2062 495 2136 lege,
538 2072 612 2112 ne
651 2051 906 2121 bienni0,
946 2073 1067 2131 quo
1107 2059 1241 2131 quis
1291 2068 1527 2130 peteret
1573 2054 2009 2132 magistratum,
2068 2059 2436 2131 petiturusve
2489 2071 2675 2135 esset,

334 2135 694 2215 gladiatores
738 2131 921 2201 daret,
957 2135 1071 2192 nisi
1115 2152 1193 2193 ex
1232 2146 1585 2195 testamento
1631 2134 1963 2208 praestitutfl
2007 2136 2126 2195 die.
2206 2137 2365 2196 Cum
2392 2139 2505 2197 bae
2531 2140 2673 2214 lege

330 2216 459 2291 peti
504 2230 566 2271 se
611 2210 865 2270 Catilina
912 2212 1314 2282 arbitraretur,
1374 2212 1658 2292 adjuncti
1716 2212 1831 2272 sibi
1882 2216 2304 2273 sceleratorum
2363 2217 2676 2275 bominum.

333 2311 531 2361 manu,
574 2289 914 2349 interficere
956 2291 1313 2350 Ciceronem
1352 2290 1412 2350 in
1455 2308 1666 2365 eampo
1708 2304 1952 2351 conatus
1992 2305 2103 2360 est,
2141 2307 2206 2352 ut
2245 2312 2320 2351 eo
2361 2294 2676 2353 interfecto

331 2372 530 2432 statim
589 2371 816 2427 Consul
876 2369 1307 2445 designaretur.
1434 2369 1557 2426 Sed
1600 2369 1736 2429 etim
1779 2369 1971 2446 pridie
2020 2370 2181 2430 illius
2227 2373 2348 2430 diei
2405 2373 2671 2432 catilinas

333 2448 581 2512 consilia
605 2447 825 2505 Cicero
864 2448 937 2506 ad
983 2447 1267 2506 Senatum
1316 2447 1649 2519 detulisset,
1685 2448 1908 2506 factum
1932 2461 2026 2508 est
2066 2450 2676 2520 Senatusconsultum,

331 2548 410 2591 ne
455 2538 696 2604 postero
732 2524 829 2583 die
871 2524 1110 2585 comitia
1150 2527 1524 2593 haberentur,
1563 2536 1630 2585 ut
1674 2526 1747 2585 de
1789 2525 1864 2582 iis
1906 2529 2083 2585 rebus
2122 2527 2222 2605 agi
2249 2543 2450 2604 posset
2474 2528 2537 2588 in
2566 2530 2674 2588 Se·-

334 2620 474 2670 natu
496 2628 513 2663 ε
547 2604 746 2682 itaque
793 2603 1081 2679 postridie
1134 2600 1433 2679 frequenti
1485 2603 1703 2665 Senatu
1754 2603 2071 2665 Catilinam
2119 2606 2418 2677 excitavit,
2467 2608 2671 2687 jussit-

334 2704 454 2765 que
497 2685 574 2741 iis
618 2685 695 2741 de
740 2684 920 2739 rebus
946 2680 1167 2750 dicere,
1192 2699 1323 2757 quae
1350 2682 1423 2741 ad
1446 2701 1511 2740 se
1540 2686 1725 2743 allatae
1766 2697 1985 2742 essent.
2066 2684 2241 2744 Nihil
2279 2685 2674 2746 dissimulavit

336 2762 610 2830 Catilina,
653 2759 925 2834 dixitque
977 2760 1096 2816 duo
1141 2778 1390 2837 corpora
1433 2780 1567 2821 esse
1607 2762 1671 2821 in
1717 2764 1951 2838 Repub.
1993 2779 2180 2822 unum
2219 2764 2414 2823 debile
2437 2764 2674 2824 infirme

335 2841 553 2917 capite,
598 2840 854 2896 alterum
910 2837 1151 2895 firmum
1205 2841 1335 2900 siue
1385 2841 1576 2916 eapite
1603 2863 1622 2911 ς
1652 2842 1816 2910 huie,
1863 2858 2004 2899 cum
2044 2840 2123 2900 ita
2165 2842 2237 2900 de
2285 2861 2349 2901 se
2389 2843 2675 2903 meritum

338 2932 522 2988 esset,
547 2928 725 2991 caput
750 2932 815 2972 se
840 2914 978 2974 vivo
1001 2934 1116 2974 non
1155 2916 1517 2978 defuturum.
1598 2920 1690 2979 Eo
1731 2917 1971 2979 interim
2016 2918 2133 2992 die,
2173 2922 2234 2979 id
2279 2935 2389 2992 est,
2438 2921 2676 2979 decimo

337 3011 566 3065 octavo,
609 2990 922 3069 antequam
973 2993 1228 3070 primam
1272 2996 1598 3057 orationem
1644 3000 1862 3059 Cicero
1911 3009 2116 3057 eontra
2163 2999 2479 3059 Catilinam
2502 2998 2678 3067 dixit,

336 3078 565 3137 sactum
613 3087 707 3132 est
755 3072 1364 3147 Senatusconsultum,
1410 3090 1473 3135 ut
1509 3078 1779 3137 viderent
1822 3076 2138 3143 Consules,
2179 3094 2254 3135 ne
2301 3077 2446 3154 quid
2495 3076 2675 3136 detri-

336 3155 529 3216 menti
564 3161 808 3228 caperet
857 3152 1123 3228 Respnb.
1163 3152 1362 3231 itaque
1405 3155 1626 3213 Cicero
1672 3173 1778 3213 rea
1812 3164 2090 3211 externas
2131 3154 2209 3226 Q.
2236 3157 2676 3216 Metellooom-

338 3234 524 3303 misit,
569 3232 701 3307 ipse
734 3227 879 3287 verb
926 3232 1092 3288 urbis
1135 3250 1341 3289 curam
1388 3232 1672 3306 suscepit.
1751 3229 1910 3290 ctam
1947 3242 2147 3290 autem
2185 3235 2367 3294 sciret
2404 3234 2676 3292 homines

339 3312 679 3390 conjuratos
736 3307 798 3363 in
864 3324 1143 3381 eampum
1202 3309 1273 3366 ad
1341 3307 1584 3365 comitia
1640 3307 1877 3378 deduci,
1918 3305 2049 3381 ipse
2096 3310 2401 3371 deseendit
2425 3310 2678 3389 dugenti

340 3390 531 3450 lorica
556 3400 771 3453 tectus,
796 3383 1144 3444 firmissimo
1169 3384 1477 3443 hominum
1523 3385 1799 3473 praeqidio
1839 3385 2105 3459 stipatus.
2187 3392 2405 3450 Caeteri
2447 3392 2554 3467 qui
2591 3389 2675 3448 vi·

340 3470 558 3527 debant
620 3465 947 3522 Consulem
1007 3455 1347 3537 periclitari,
1410 3463 1486 3521 ad
1544 3464 1681 3544 ejtts
1743 3464 2146 3525 defensionem
2209 3472 2674 3528 concurrerunt:

341 3563 526 3624 quare
597 3540 863 3603 Catilinoe
934 3546 985 3600 δε
1035 3542 1280 3601 Antonii
1344 3543 1580 3618 copias,
1633 3548 1686 3601 ει
1752 3554 2021 3601 conatum
2078 3547 2450 3622 compressit,
2511 3546 2679 3604 nullo

340 3626 604 3684 tumultu
671 3620 949 3680 excitato.
1071 3619 1190 3677 His
1257 3620 1514 3680 comitiis
1576 3620 1796 3681 iterum
1859 3620 2114 3681 Catilina
2161 3626 2463 3701 repulsam
2518 3623 2674 3684 tulit.

341 3705 501 3762 Nam
549 3702 630 3759 D.
683 3697 898 3757 Junius
942 3696 1198 3767 Silanus,
1238 3703 1288 3756 ἃ
1328 3700 1400 3757 L.
1444 3699 1715 3759 Licinius
1754 3699 2025 3759 Muraena
2059 3702 2356 3761 Consules
2381 3680 2700 3778 desigmti*

342 3793 497 3839 sunt.
603 3776 833 3836 Vertim
885 3772 1020 3834 etim
1065 3774 1293 3835 videret
1364 3776 1617 3837 Catilina
1682 3796 1821 3835 suos
1857 3792 2101 3837 conatus
2162 3798 2370 3839 omnes
2433 3779 2681 3840 inutiles

341 3859 549 3927 fuisse,
593 3854 931 3932 conjuratos
974 3864 1148 3913 noete
1199 3855 1258 3912 in
1307 3854 1398 3913 M.
1435 3856 1635 3914 Porcii
1673 3857 1857 3914 Loecae
1911 3858 2154 3918 domum
2201 3858 2563 3927 convocavit,
2599 3860 2679 3918 est

342 3936 640 4002 videlicet,
696 3951 827 4009 quae
892 3943 1200 4008 posterum
1259 3933 1422 3991 diem
1485 3935 1798 3993 Nonarum
1832 3937 1896 3993 N
1898 3940 2128 3995 ovemb.
2181 3953 2498 3996 consecuta
2561 3944 2674 3999 est.

341 4013 465 4075 Hic
503 4011 772 4071 Catilina}
819 4013 948 4071 dies
992 4010 1276 4080 exeundi,
1310 4023 1434 4070 tum
1486 4013 1725 4071 caeteris
1773 4013 2048 4072 manendi
2084 4014 2358 4084 conditio,
2401 4028 2529 4074 tum
2573 4016 2681 4073 de-

342 4090 590 4166 scriptio
629 4108 741 4165 per
794 4106 973 4151 totam
1017 4091 1231 4147 urbem
1268 4090 1452 4148 caedis
1486 4105 1664 4165 atque
1708 4091 2118 4150 incendiorum
2174 4094 2491 4154 constituta
2538 4103 2632 4150 est
2657 4113 2676 4148 z

340 4168 485 4246 quin
537 4167 721 4227 etiam
766 4169 851 4228 ibi
890 4167 1065 4247 dixit
1085 4166 1336 4226 Catilina
1381 4169 1688 4244 paululum
1727 4169 1842 4227 sibi
1882 4187 2016 4229 esse
2061 4172 2243 4230 etiam
2288 4184 2419 4231 tum
2461 4187 2685 4238 morae,

341 4247 502 4324 quod
547 4245 767 4305 Cicero
808 4247 1038 4307 viveret
1064 4265 1082 4301 ε
1132 4247 1355 4321 reperti
1384 4262 1521 4307 sunt
1545 4246 1664 4306 duo
1685 4247 1917 4321 equites
1955 4249 2223 4317 Romani,
2267 4249 2372 4325 qui
2413 4266 2545 4306 sese
2571 4248 2682 4308 illst

341 4324 474 4399 ipsa
517 4337 694 4384 noete
738 4326 917 4401 paule
955 4325 1087 4384 ante
1126 4326 1324 4385 lucem
1375 4326 1734 4385 Ciceronem
1769 4325 1829 4383 in
1871 4345 1978 4385 suo
2016 4329 2236 4388 lectulo
2262 4326 2682 4386 interfecturos

342 4404 593 4478 polliciti
632 4417 792 4466 sunt.
873 4400 1028 4464 Ctim
1076 4413 1277 4464 autem
1320 4404 1541 4465 Cicero
1583 4404 1659 4463 de
1696 4403 1832 4468 dolo
1872 4407 2049 4478 malo,
2091 4408 2197 4483 qui
2218 4407 2548 4484 parabatur,
2572 4403 2681 4463 vix

1188 4510 1205 4529 ·
2514 4493 2683 4546 eoetu
