2875 4842
1013 208 1102 256 n}
1141 184 1578 252 AmcrrrA:
2349 185 2465 256 sn

146 367 383 433 paratus
418 362 526 414 est.
601 349 737 412 Nec
782 350 1173 429 parasitorum
1198 350 1260 410 in
1287 346 1602 409 comoediis
1637 346 1954 409 assentatio
1975 347 2146 408 nobis
2170 347 2356 409 faceta

142 437 455 502 videretur,
476 430 594 492 nisi
617 444 819 491 essent
851 430 1067 489 milites
1096 430 1357 506 gloriosi.
2289 477 2339 510 ‚-

445 514 704 586 Magnas
726 511 870 570 verti
894 528 1071 583 agere
1091 516 1321 582 gratias
1357 510 1540 572 Tharsa
1570 511 1710 566 mim·
1733 508 1767 566 2
2392 513 2470 565 20

143 593 294 652 Satis
311 607 431 651 erat
450 592 832 668 respondere,
858 591 1106 664 Magnas
1127 608 1145 644 ε
1190 589 1486 661 Ing-entes,
1511 588 1704 665 inquit
1727 609 1744 643 ε
1788 604 2029 662 semper
2049 603 2232 665 auget
2256 608 2349 648 as-

138 686 387 732 sentator
414 673 498 737 id,
545 672 700 747 quod
725 669 798 742 is,
821 669 996 747 cujus
1035 663 1107 725 ad
1135 671 1500 727 voluntatem
1546 669 1783 734 dicitur,
1833 672 1961 724 vult
2003 685 2137 727 esse
2188 687 2351 744 mag-

133 769 291 811 num.
370 753 800 825 Quamobrem,
851 765 1186 826 quanquam
1231 745 1449 806 blanda
1477 749 1588 807 ista
1643 745 1865 804 vanitas
1892 748 2050 821 apud
2101 766 2206 805 eos
2258 766 2352 805 va·

136 829 264 899 leat,
289 831 395 907 qui
424 828 539 906 ipsi
565 828 735 886 illum
788 831 1059 888 allectam
1100 832 1151 885 St
1199 826 1444 886 invitant
1480 848 1498 897 ;
1563 838 1764 885 tamen
1813 824 1995 882 etiam
2051 827 2363 903 graviores

135 910 675 983 constantioresque
734 905 1084 966 admouendi
1146 919 1303 974 sunt,
1352 919 1422 965 ut
1469 905 1952 974 animadvertant,
2020 925 2092 964 ne
2149 907 2366 974 callida
2412 910 2483 965 2⁵

133 990 519 1046 assentatione
572 987 919 1062 capiantur3
982 981 1183 1059 aperte
1228 984 1390 1043 enim
1436 986 1775 1045 adulantem
1817 1000 1996 1042 nemo
2023 1004 2137 1043 non
2181 984 2368 1056 videt,

135 1064 251 1123 nisi
275 1067 379 1142 qui
399 1068 717 1126 admodum
736 1082 829 1124 est
854 1080 1102 1132 excors3
1128 1063 1378 1123 callidus
1397 1064 1501 1124 ille
1529 1072 1579 1123 &t
1604 1063 1880 1121 occultus
1901 1081 1978 1120 ne
1998 1082 2061 1120 se
2086 1063 2372 1134 insinuet,

138 1147 396 1207 studiose
438 1146 768 1204 cavendum
793 1157 924 1211 est3
964 1159 1075 1199 nec
1103 1144 1262 1202 enim
1290 1142 1568 1203 facillime
1603 1140 1966 1219 agnoscitur,
2012 1140 2236 1218 quippe
2264 1143 2372 1217 qui

134 1223 308 1282 etiarn
336 1226 700 1284 adversando
726 1242 877 1299 sape
904 1235 1273 1291 assentetur3
1318 1226 1369 1280 a
1399 1224 1637 1301 litigare
1694 1238 1758 1278 se
1812 1218 2108 1281 simulans
2153 1222 2373 1277 blandi-

134 1313 282 1369 atur,
328 1320 509 1382 atque
536 1305 607 1362 ad
649 1319 990 1362 extremum
1016 1300 1118 1361 det
1148 1319 1380 1372 manus,
1407 1302 1685 1378 vincique
1736 1316 1801 1358 se
1855 1302 2127 1377 patiatur,
2177 1315 2238 1359 ut
2295 1299 2371 1372 is,
2411 1307 2486 1362 ³0

137 1382 239 1456 qui
264 1381 479 1443 illusus
509 1384 603 1450 sit,
630 1387 764 1457 plus
798 1379 1017 1440 vidisse
1061 1381 1367 1447 videatur:
1407 1383 1551 1459 quid
1607 1393 1810 1438 autem
1835 1379 2073 1454 turpius
2097 1379 2279 1454 quam
2305 1381 2379 1440 il-

137 1460 260 1519 ludi
288 1462 308 1519 ἰ
349 1453 530 1536 Quod
560 1482 634 1520 ne
664 1464 906 1527 accidat,
932 1460 1126 1537 magis
1153 1465 1486 1520 cavendum
1513 1477 1622 1524 est,
1653 1474 1720 1517 ut
1748 1455 1812 1515 'tn'
1835 1457 2119 1535 Epiclero
2163 1485 2178 1524 2
2261 1488 2272 1501 ·

456 1544 646 1599 Hodie
679 1559 765 1599 me
782 1555 916 1599 ante
940 1559 1128 1597 omnes
1159 1545 1393 1599 comicae
1416 1549 1628 1598 stultos
1656 1556 1819 1596 aenea

474 1622 755 1689 rerem-ie,
779 1636 957 1694 atque
981 1624 1191 1676 luseris
1211 1625 1542 1682 lauriss-‘ma
2019 1646 2024 1652 ·

139 1701 294 1762 Haec
321 1700 483 1761 enim
529 1700 709 1760 etiarn
758 1701 818 1760 in
866 1699 1078 1758 fabulis
1127 1700 1479 1759 stultissima
1506 1717 1759 1775 persona
1782 1709 1876 1755 est
1900 1697 2376 1773 improvidorum
2418 1705 2490 1761 3⁵

135 1784 193 1837 ἃ
224 1781 608 1837 credulorum
639 1797 869 1838 senum.
1274 1789 1299 1800 ²

219 1858 495 1917 xxvn.
535 1857 656 1916 Sed
695 1858 900 1916 nescio
942 1875 1062 1935 quo
1108 1868 1283 1933 pacto
1306 1857 1379 1916 ab
1430 1858 1711 1918 amicitiis
1743 1856 2154 1935 perfectorum
2194 1858 2385 1918 homi·
2439 1879 2448 1892 ⁸

155 1956 320 2002 num,
367 1937 428 1995 id
455 1951 566 2007 est,
613 1937 967 2013 sapientium
1024 1940 1127 2006 (tle
1173 1941 1289 1995 *hac
1335 1937 1471 1995 dico
1519 1938 1821 2014 sapientia,
1867 1954 2005 2012 quae
2050 1934 2283 1995 videtur
2325 1941 2385 1997 in

142 2017 447 2075 hominem
477 2015 690 2074 cadere
734 2017 942 2094 posse)
990 2018 1061 2074 ad
1090 2018 1255 2074 leves
1282 2016 1571 2075 amicitias
1601 2017 1847 2075 deflexit
1871 2014 2076 2072 oratio.
2159 2017 2385 2089 Quam-

144 2098 350 2154 obrem
391 2096 465 2152 ad
493 2095 594 2152 illa
640 2094 836 2182 prima
871 2096 1208 2162 redeamus,
1235 2094 1427 2171 estque
1476 2094 1603 2170 ipsi
1649 2096 2072 2152 concludamus
2111 2096 2379 2170 aliquan·
2421 2104 2499 2156 40

142 2175 232 2232 do.
314 2173 557 2242 Virtus„
600 2185 788 2229 vtrtus
830 2174 1090 2249 inquam,
1135 2174 1207 2229 C.
1252 2173 1458 2243 Fanni,
1503 2179 1552 2232 a
1597 2192 1683 2242 tu,
1726 2174 1804 2246 Q.
1861 2172 2052 2241 Muci,
2083 2177 2132 2230 δι
2180 2179 2379 2232 conci-

142 2252 243 2312 liat
271 2251 588 2317 amicitiae,
637 2255 686 2308 δε
734 2265 1037 2324 conservat
1063 2279 1081 2325 3
1121 2251 1181 2308 in
1226 2252 1301 2310 ea
1349 2265 1443 2312 est
1497 2257 1658 2312 enim
1704 2249 2110 2310 convenientia
2163 2270 2388 2323 rerum,

151 2330 213 2389 in
236 2332 313 2391 ea
338 2328 643 2397 stabilitas,
687 2329 748 2386 in
780 2331 853 2387 ea
879 2331 1245 2394 constantia:
1283 2350 1443 2408 quae‚
1484 2332 1624 2391 edm
1665 2351 1729 2391 se
1756 2332 1994 2392 extulit.
2039 2332 2090 2386 δι
2133 2329 2395 2390 ostendit

143 2410 352 2467 lumen
380 2426 580 2477 suum,
608 2413 657 2466 δι
710 2409 868 2465 idern
900 2409 1135 2483 aspexit
1161 2412 1517 2485 agnovitque
1549 2415 1606 2469 in
1651 2410 1803 2470 alio:
1842 2408 1915 2466 ad
1958 2409 2018 2466 id
2068 2429 2134 2466 se
2182 2411 2387 2469 admo-
2487 2476 2494 2484 ⁶

46 2513 58 2538 ·-
146 2500 266 2555 vet,
322 2485 709 2561 vicissimque
754 2486 975 2562 accipit
1004 2486 1171 2557 illud,
1220 2489 1378 2564 quod
1407 2490 1468 2546 in
1510 2492 1696 2550 altero
1742 2501 1869 2552 est:
1918 2505 1995 2544 ex
2039 2506 2161 2563 quo
2212 2506 2385 2546 exar-
2423 2489 2498 2548 ⁴3

146 2566 341 2624 descit
368 2565 495 2622 sive
526 2582 712 2634 amor,
754 2565 878 2621 sive
907 2566 1230 2635 Amicitia3
1275 2581 1596 2645 utrumque
1635 2568 1797 2630 enim
1827 2566 2052 2624 dictum
2095 2583 2186 2625 est
2229 2570 2300 2624 ab
2328 2585 2389 2623 a·
2553 2575 2562 2584 ’

146 2646 405 2712 mand03
447 2662 642 2702 amare
697 2659 897 2701 autem
940 2643 1087 2699 nihil
1136 2644 1294 2701 aliud
1344 2661 1456 2712 est,
1500 2646 1616 2705 nisi
1663 2661 1804 2705 eum
1853 2643 2052 2719 ipsum
2104 2645 2386 2720 diligere,

146 2719 329 2802 quem
356 2741 541 2790 ames,
567 2723 733 2780 nulla
783 2720 1129 2794 indigentia,
1178 2717 1340 2779 nulla
1390 2722 1641 2783 utilitate
1683 2721 1964 2798 quaesi-33
2007 2742 2145 2799 quae
2191 2738 2393 2783 tamen

145 2803 276 2880 ipsa
321 2800 651 2860 efflorescit
700 2820 778 2859 ex
824 2799 1103 2856 amicitia.
1156 2798 1334 2856 etiam
1364 2800 1414 2857 si
1442 2814 1507 2857 tu
1549 2822 1682 2860 eam
1737 2801 1936 2857 minus
1985 2819 2230 2862 secutus
2258 2804 2385 2861 sis:

148 2883 259 2941 hac
287 2899 395 2940 nos
421 2881 832 2956 adolescentes
876 2875 1289 2944 benevolentia
1329 2895 1508 2935 senes
1548 2878 1683 2938 illos
1709 2879 1782 2936 L.
1833 2878 2103 2950 Paulum,
2159 2883 2245 2937 M.
2275 2883 2386 2937 Ca·
2424 2891 2503 2945 50

155 2960 476 3027 tonem,C.
525 2958 789 3026 Gallum,
842 2957 905 3013 P.
957 2957 1259 3023 Nasicam,
1300 2957 1378 3014 T.
1427 2955 1794 3022 Gracchum,
1847 2954 2145 3031 Scipionis
2195 2961 2387 3016 nostri

153 3055 438 3097 socerum
485 3036 849 3102 dileximus3
891 3036 1013 3092 baec
1054 3034 1232 3102 ctiam
1285 3036 1481 3112 magis
1530 3039 1731 3095 elucet
1775 3035 1929 3091 inter
1984 3038 2266 3110 aequales‚
2321 3052 2389 3099 ut

151 3113 304 3175 inter
356 3135 459 3174 me
513 3120 563 3173 aa
640 3114 1004 3189 Scipionem,
1057 3115 1126 3170 L.
1196 3111 1467 3183 Furium,
1519 3116 1586 3174 Ρ.
1639 3112 1976 3188 Rupilium,
2023 3114 2128 3187 Sp.
2177 3114 2385 3172 Mum.

151 3187 387 3262 mium;
432 3192 697 3282 vifiissim
721 3207 919 3250 autem
967 3210 1143 3251 senes
1186 3190 1245 3248 in
1291 3193 1757 3253 adolescentium
1789 3191 2028 3250 caritate
2059 3193 2388 3268 acquiesci-

164 3287 299 3331 mus
327 3294 345 3343 ;
387 3284 457 3332 ut
493 3288 553 3327 tn
581 3272 801 3337 vestra,
846 3283 911 3328 ut
941 3269 1000 3330 in
1026 3273 1103 3345 Q.
1133 3271 1475 3329 Tuberonis
1505 3294 1523 3343 3
1564 3272 1845 3350 equidem
1875 3272 2054 3330 etiam
2079 3273 2397 3333 admodum
2436 3288 2509 3337 ⁵5

155 3347 579 3420 adolescentis,
596 3349 659 3408 P.
690 3348 922 3415 Rutilii,
952 3354 1002 3409 St
1033 3354 1091 3408 A
1137 3348 1403 3426 Virginii
1428 3350 1821 3411 familiaritate
1850 3348 2139 3409 delector.
2220 3349 2390 3426 Quo-3

160 3428 438 3506 uiamque
470 3430 549 3486 ita
594 3429 763 3486 ratio.
791 3442 1127 3503 comparata
1171 3441 1263 3487 est
1290 3428 1428 3488 vitae
1472 3444 1818 3504 naturaeque
1865 3444 2107 3494 nostrae,
2149 3441 2216 3486 ut
2269 3430 2385 3490 alia

167 3523 298 3565 aetas
340 3509 603 3577 oriatur-3
646 3505 906 3565 maxime
948 3506 1192 3582 quidem
1238 3509 1570 3581 optandum
1606 3524 1719 3575 est,
1759 3517 1827 3564 ut
1875 3526 2016 3582 cum
2061 3509 2389 3584 aequalibus

158 3588 370 3661 possis,
395 3585 617 3664 quibus
662 3603 803 3643 cum
830 3586 1109 3659 tanquam
1136 3583 1172 3644 ὲ
1195 3585 1536 3645 carceribus
1561 3586 1819 3644 emissus
1869 3585 1972 3658 sis,
2003 3606 2145 3646 cum
2171 3587 2385 3646 iisdem

162 3666 233 3722 ad
261 3669 512 3732 calcem,
554 3678 619 3723 ut
649 3663 886 3732 dicitur,
930 3665 1265 3737 pervenire.
1349 3664 1470 3721 Sed
1516 3664 1794 3742 quoniam
1843 3683 1943 3722 res
1969 3669 2236 3725 humanae
2278 3666 2389 3723 fra-
2434 3678 2525 3732 60·

162 3742 319 3819 giles
345 3747 702 3819 caducaeque
750 3754 907 3805 sunt,
947 3759 1187 3817 semper
1211 3741 1392 3818 aliqui
1429 3743 1785 3820 anquirendi
1811 3758 1980 3810 sunt·
1999 3763 2153 3821 quos
2177 3743 2393 3819 diliga-

158 3838 314 3892 mus,
354 3836 398 3885 ει
451 3822 488 3883 εἶ
525 3822 744 3898 quibus
786 3819 1142 3896 diligamur-3
1184 3820 1426 3879 caritate
1483 3822 1644 3879 enim
1672 3823 2203 3896 benevolentiaque
2256 3825 2398 3879 sub·

164 3899 300 3968 lata,
353 3899 549 3959 omnis
587 3912 683 3957 est
728 3899 762 3958 ἑ
802 3897 923 3956 vita
965 3902 1188 3958 sublata
1223 3897 1591 3976 jucunditas.
1674 3900 1835 3959 Mihi
1880 3902 2124 3977 quidem
2171 3901 2398 3976 Scipio,

168 3994 505 4055 quanquam
573 3990 668 4037 ost
718 3974 923 4035 subito·
975 3992 1269 4054 ereptus,·
1295 3977 1440 4036 vivit
1493 3992 1711 4048 tamen,
1764 3996 2124 4057 semperque
2194 3977 2401 4040 vivet:

167 4054 447 4115 virtutem
473 4056 634 4115 enim
687 4056 883 4115 amavi
910 4056 1073 4114 illius
1123 4055 1259 4124 viri,
1282 4074 1411 4131 quae
1466 4056 1730 4118 extincta
1761 4062 1893 4118 ‘non
1919 4070 2044 4127 est;
2088 4075 2200 4116 nec
2247 4060 2398 4118 mihi
2436 4073 2510 4129 65

176 4133 287 4188 soli
336 4148 604 4194 versatur
653 4149 786 4195 ante
827 4137 1058 4202 oculos,
1102 4134 1206 4211 qui
1259 4133 1420 4193 illam
1476 4153 1721 4212 semper
1763 4136 1823 4194 in
1876 4139 2150 4196 manibus
2203 4138 2400 4206 habui,

175 4209 281 4266 sed
307 4211 482 4271 etiam
521 4213 776 4289 posteris
816 4213 930 4272 erit
974 4215 1149 4282 clara,
1201 4226 1245 4273 ει
1288 4212 1543 4290 insignis
1571 4234 1618 4283 3*
1648 4231 1828 4274 nemo
1870 4233 2129 4291 unquam
2181 4217 2398 4286 animo,

171 4301 273 4345 aut
299 4307 405 4365 spe
431 4291 653 4368 majora
698 4291 1006 4368 suscipiet,
1033 4291 1141 4369 qui
1163 4290 1276 4349 sibi
1302 4309 1419 4350 non
1463 4290 1627 4351 illius
1671 4294 2026 4352 memoriam
2052 4309 2226 4371 atque
2255 4294 2400 4350 ima-

176 4367 379 4466 gipem
430 4371 870 4445 proponendam
913 4383 1106 4449 putet.
1215 4369 1518 4445 Equidem
1557 4388 1638 4429 ex
1682 4371 1960 4432 omnibns
2012 4378 2213 4446 rebus,
2252 4388 2402 4506 φξέᾳ
2521 4397 2550 4422 e

254 4468 269 4484 ·.
776 4457 817 4484 β’
2250 4463 2332 4507 mn
2378 4466 2401 4505 ι
