2875 4842
1260 260 1571 328 v1TA.
1979 250 1983 257 '
2149 294 2156 302 ι
2505 288 2592 334 xv

248 440 411 495 coetu
437 427 704 500 dimisso,
729 444 841 504 per
862 423 1137 487 Fulviam
1165 422 1386 483 certior
1405 425 1594 483 sactus
1635 435 1814 497 esset,
1859 424 2104 485 domum
2130 443 2301 489 suam
2343 428 2588 509 majori-

247 511 358 568 bus
384 509 679 585 praesidiis
697 505 968 575 munivit,
985 521 1097 562 nec
1120 520 1224 562 eos
1251 502 1542 570 admissit,
1563 522 1710 580 quos
1737 503 1992 563 Catilina
2014 507 2375 567 salutationis
2404 510 2584 567 caus&

243 589 506 647 miserat.
549 606 632 645 vt.
687 587 829 644 Idus
873 582 1172 643 Novemb.
1238 581 1524 638 Senatum
1564 582 1622 638 in
1661 582 1824 640 Jovis
1871 582 2119 641 Statoris
2153 585 2344 644 aedem
2367 605 2584 644 convo·

245 665 419 734 cavit,
444 664 565 740 quo
595 664 774 722 etiam
817 661 1069 721 Catilina
1095 676 1237 717 cum
1264 657 1503 716 caeteris
1530 662 1727 716 venire
1765 676 1942 718 ausus
1967 675 2078 731 est,
2103 663 2210 719 sed
2236 665 2295 720 ei
2317 664 2583 722 assidere

244 758 425 800 nemo
452 743 640 800 voluit
665 762 684 797 ε
712 758 788 797 eo
826 739 974 806 viso,
1018 736 1145 794 sive
1184 738 1320 815 ejus
1366 748 1676 809 aspectum
1714 740 1933 796 Consul
1963 738 2322 812 formidaret,
2343 741 2467 800 sive
2493 743 2586 802 iri

240 832 747 887 commoveretur,
771 821 919 876 banc
947 814 1148 874 habuit
1177 817 1237 873 in
1264 831 1404 871 eum
1428 815 1777 884 orationem,
1800 835 1934 890 quae
1961 817 2152 892 prima
2190 819 2323 897 ejus
2344 820 2405 878 in
2420 820 2583 880 Cati·

241 898 423 957 linum
469 910 677 956 extatt
736 896 1049 970 perculsus
1089 894 1204 955 hac
1247 893 1512 951 oratione
1567 892 1819 953 Catilina
1883 907 2055 953 nocte
2108 915 2250 954 cum
2299 900 2584 957 trecentis

243 976 489 1033 armatis
534 972 893 1041 horninibus,
942 970 1246 1029 lictoribus
1267 975 1317 1028 a
1339 970 1619 1039 fascibus,
1660 970 1902 1046 imperii
1943 972 2289 1049 insignibus,
2327 993 2410 1033 ex
2435 979 2585 1036 urbe

242 1053 306 1110 in
336 1052 639 1112 Manliana
663 1063 852 1108 castra
874 1048 1179 1126 profectus
1204 1064 1310 1109 est.
1393 1048 1486 1105 Eo
1511 1048 1801 1127 profecto,
1845 1051 1917 1106 ad
1945 1054 2227 1124 populum
2254 1055 2584 1114 orationem

246 1132 475 1199 habuit,
505 1131 576 1205 ‚in
621 1129 741 1204 qua
785 1129 864 1196 ei,
916 1131 965 1185 ει
1019 1126 1276 1201 Reipub.
1317 1129 1643 1203 gratulatus
1694 1140 1805 1195 est,
1846 1121 2002 1202 quod
2043 1128 2289 1189 Catilina
2322 1131 2585 1191 abiisset.

244 1207 373 1263 Ubi
414 1210 628 1267 Romae
682 1207 990 1282 cognitum
1038 1218 1130 1262 est
1182 1205 1498 1263 Catilinam
1539 1206 1611 1263 ad
1656 1205 1957 1264 Manliana
2008 1216 2194 1265 castra
2254 1211 2591 1286 profectum

245 1302 402 1355 esse,
447 1304 584 1343 eum
612 1302 751 1341 cum
794 1283 1023 1344 Manlio
1072 1282 1325 1340 Senatus
1369 1285 1605 1341 hostem
1653 1284 1860 1358 pau-iae
1923 1282 2229 1361 judicavit,
2281 1288 2591 1364 edixitque

247 1364 606 1421 Consulibus
634 1361 723 1420 uti
750 1363 1051 1419 delectum
1093 1363 1396 1429 haberent,
1442 1361 1741 1421 Antonius
1778 1378 1918 1419 cum
1962 1360 2233 1420 exercitu
2271 1365 2590 1427 Catilinam

244 1440 683 1517 insequeretur,
731 1439 948 1497 Cicero
998 1439 1163 1497 urbis
1210 1438 1557 1513 praesidium
1605 1443 1960 1515 susciperet.
2068 1438 2220 1497 Cum
2284 1456 2479 1502 autem
2523 1446 2586 1504 in

242 1522 389 1577 urbe
430 1520 506 1578 de
560 1517 741 1576 sociis
784 1516 1050 1577 Catilinas
1102 1520 1364 1576 nondum
1420 1532 1795 1592 compertum
1852 1530 2033 1587 esset,
2079 1519 2298 1577 Cicero
2349 1522 2589 1583 interim

138 1608 161 1631 ³
242 1596 583 1659 Muraenam
628 1609 971 1655 accusatum
1012 1596 1273 1654 ambitus
1304 1613 1449 1653 cum
1501 1597 1828 1655 Hortensio
1872 1596 2156 1655 defendit.
2238 1601 2380 1670 Qus,
2402 1601 2461 1657 in
2485 1603 2590 1660 de-

238 1674 507 1735 fensione
556 1677 617 1734 ei
662 1674 774 1733 tuit
806 1673 1070 1743 inferior,
1123 1687 1252 1733 tum
1299 1687 1545 1750 propter
1597 1674 1828 1751 vigilias
1879 1673 2093 1745 noctis,
2146 1676 2324 1754 cujus
2362 1683 2586 1739 nullam

241 1769 472 1829 partem
499 1756 828 1830 quieverat,
854 1766 981 1810 tum
1004 1766 1247 1827 propter
1273 1769 1468 1821 curas,
1487 1753 1703 1828 quibus
1730 1753 2445 1827 continuispremebatur.

320 1832 499 1892 Forte
545 1833 665 1891 illis
711 1830 1079 1906 temporibus
1125 1830 1308 1907 legati
1360 1832 1756 1909 Allobrogum
1782 1832 2036 1890 Romam
2062 1837 2371 1903 venerunt,
2407 1847 2474 1893 ut
2509 1835 2590 1894 de

244 1928 497 1967 suorum
558 1909 1024 1986 Magistratuum
1072 1908 1316 1968 avaritia
1360 1923 1775 1983 quererentur.
1902 1911 2002 1968 Illi
2052 1911 2087 1970 εἰ
2127 1912 2277 1968 Pub.
2329 1914 2618 1987 Lentulo,

242 1988 404 2045 Sura
448 1988 725 2048 solicitati
754 1997 910 2055 sunt,
939 1992 989 2045 ἃ
1013 1990 1085 2046 ad
1111 2004 1252 2047 suos
1292 1986 1528 2047 remissi
1568 2006 1710 2047 cum
1757 1988 1967 2047 literis.
2050 1990 2142 2048 Re
2185 1991 2429 2066 cognita⁵
2477 2009 2591 2068 per

244 2066 326 2137 Q.
381 2064 631 2126 Fabium
678 2067 953 2142 Sangam,
1004 2066 1107 2142 qui
1158 2066 1585 2140 Allobrogibus
1625 2067 1827 2125 Romae
1855 2067 2343 2141 patrocinabatur,
2366 2070 2590 2128 Cicero

244 2144 326 2202 R.
356 2142 605 2205 Valerio
638 2144 876 2213 Flacco,
904 2148 955 2201 ἃ
996 2145 1070 2201 C.
1098 2143 1449 2218 Promptino
1477 2145 1830 2203 Praetoribus
1856 2145 2187 2218 imperavit,
2215 2160 2281 2204 ut
2308 2148 2368 2204 in
2397 2149 2584 2209 Ponte

244 2221 462 2281 Milvio
509 2228 742 2299 legatos
786 2223 921 2281 illos
967 2221 1559 2297 comprehenderent,
1609 2240 1758 2299 quos
1813 2241 2050 2280 summo
2095 2240 2267 2280 mane
2316 2227 2388 2282 ad
2426 2228 2590 2285 Con·

242 2302 438 2359 sulem
465 2320 606 2360 cum
646 2300 836 2360 literis
877 2299 1273 2361 deduxerunt.
1315 2319 1419 2359 ιιι.
1487 2301 1692 2358 Nonas
1742 2302 1960 2360 Cicero
1985 2299 2292 2376 principes
2317 2303 2589 2380 conjura-

238 2378 418 2437 tionis
460 2381 533 2439 ad
558 2400 622 2439 se
668 2380 871 2437 venire
917 2379 1115 2458 jussit,
1166 2390 1488 2436 convocato
1533 2374 1591 2437 in
1620 2378 1812 2439 aedem
1843 2378 2193 2439 Concordiae
2222 2379 2461 2451 Senatu,
2483 2384 2588 2443 ubi

163 2523 181 2539 ·
240 2452 323 2515 T.
371 2458 696 2529 Vulturcii,
737 2463 788 2516 St
817 2459 1213 2535 Allobrogum
1250 2456 1489 2515 indiciis
1532 2456 1729 2515 omnis
1765 2457 2054 2534 patefacta
2099 2470 2193 2516 est
2232 2458 2583 2536 conjuratio.

238 2538 572 2595 Introducti
620 2549 756 2596 sunt
800 2536 861 2595 in
904 2537 1212 2605 Senatum,
1265 2535 1688 2612 constitutique
1724 2549 1976 2612 quatuor
2022 2536 2135 2595 viri
2195 2555 2427 2612 graves,
2481 2542 2588 2617 qui

237 2614 438 2672 omnia
481 2616 747 2674 indicum
789 2616 965 2685 dicta,
999 2617 1377 2692 interrogata,
1430 2620 1481 2671 St
1530 2632 1811 2689 responsa
1859 2613 2314 2689 perscriberent.
2420 2619 2589 2677 Tum

236 2692 554 2765 Lentulus,
597 2697 933 2770 Cethegus,
994 2693 1281 2763 Statilius,
1335 2693 1646 2759 Gabinius,
1690 2698 1741 2751 δι
1791 2694 2108 2769 Ceparius,
2165 2711 2244 2750 ex
2310 2695 2589 2756 Senatus·

239 2773 513 2828 consulto
556 2772 617 2829 in
665 2773 993 2837 custodiam
1052 2772 1251 2831 traditi
1313 2785 1467 2830 sunt.
1573 2770 1665 2829 Eo
1716 2770 1812 2829 die
1866 2772 2121 2832 Senatus
2177 2774 2589 2835 testimonium

238 2862 606 2907 conservatae
645 2852 822 2925 Reip-
876 2849 1158 2909 Ciceroni
1203 2849 1382 2919 dedit,
1420 2849 1580 2926 quod
1631 2850 1856 2909 nemini
1899 2854 2184 2911 hactenus
2231 2870 2587 2913 concessum

241 2942 395 2998 crat,
453 2931 506 2987 δι
570 2927 1018 3002 supplicationis
1077 2945 1298 3005 genere
1350 2927 1637 3004 singulari
1694 2929 1944 2987 deorum
2011 2933 2236 3006 templa
2283 2931 2583 3007 patefecit.

240 3005 368 3063 Sub
438 3018 678 3064 noctem
746 3006 1091 3064 concionem
1140 3007 1341 3064 habuit
1390 3008 1463 3064 ad
1507 3008 1816 3081 populum,
1856 3007 1960 3082 qui
2023 3004 2306 3084 frequens
2368 3012 2587 3081 aderat,

237 3084 443 3160 eique,
485 3086 644 3174 quod
696 3083 758 3144 in
796 3084 1018 3140 Senatu
1077 3096 1319 3158 gestum
1364 3096 1508 3151 erat,
1534 3084 1808 3158 exposuit
1838 3105 1855 3141 ι
1884 3085 1920 3144 εὶ
1946 3087 2227 3145 concione
2253 3088 2314 3146 in
2340 3090 2589 3149 domum

238 3180 369 3223 suae
417 3163 670 3223 vicinam
722 3164 755 3221 *a
797 3162 1020 3237 populo
1052 3158 1346 3219 deductus
1390 3172 1501 3229 est,
1545 3162 1686 3235 quia
1717 3175 1859 3220 tunc
1906 3162 1969 3219 in
2014 3161 2150 3240 ejus
2195 3166 2421 3226 aedibus
2459 3187 2586 3228 ma-

237 3256 426 3302 tronae
473 3246 524 3299 δι
572 3239 1080 3302 VestalesBonae
1125 3238 1277 3297 Deae
1320 3256 1486 3297 sacra
1524 3237 1833 3301 faciebant.
1914 3241 2107 3299 Nonis
2146 3241 2587 3309 Decembribus

237 3319 469 3379 Consul
509 3320 843 3381 admonitus
860 3333 955 3376 est
981 3319 1243 3395 cogitare
1285 3318 1601 3379 nonnullos
1640 3317 1713 3375 de
1752 3319 2008 3379 Lentulo
2052 3324 2104 3378 δι
2147 3319 2424 3400 Cethego
2468 3326 2586 3384 eri·

236 3399 475 3473 piendis
510 3400 545 3458 e
591 3415 849 3457 carcere.
931 3394 1031 3453 De
1069 3396 1145 3454 iis
1185 3396 1385 3455 statim
1425 3397 1498 3454 ad
1541 3394 1824 3456 Senatum
1878 3398 2098 3457 retulit.
2181 3402 2399 3480 Rogati
2437 3400 2588 3463 ‘sunt

239 3478 595 3536 'sententiam
632 3477 968 3535 Senatores.
1052 3476 1287 3537 Silanus
1329 3475 1597 3532 decrevit
1632 3474 1693 3533 in
1740 3494 1844 3533 eos
1879 3476 2158 3537 ultimum
2197 3482 2584 3557 supplicium.

238 3556 455 3631 Plures
499 3555 636 3634 ejus
684 3553 993 3614 sententiae
1023 3553 1397 3629 acquievere.
1501 3553 1754 3615 Censuit
1794 3555 1868 3613 T.
1911 3556 2098 3625 Nero,
2135 3560 2288 3618 utin
2328 3558 2584 3620 viriculis

236 3645 622 3704 tenerentur-3
674 3635 744 3693 C.
772 3634 998 3703 Caesar,
1037 3648 1101 3693 ut
1131 3632 1299 3691 bonis
1343 3648 1559 3690 eorum
1599 3634 1912 3708 publicatis
1954 3650 2063 3708 per
2102 3637 2427 3712 municipia
2469 3640 2585 3699 cir-

239 3712 693 3771 cumferrentur.
712 3711 930 3770 Cicero
951 3712 1011 3770 in
1032 3723 1346 3787 utramque
1367 3722 1595 3786 partem
1615 3713 1992 3785 disseruit,ac
2015 3711 2096 3772 ita
2112 3714 2281 3784 dixit,
2302 3732 2370 3774 ut
2382 3716 2583 3778 favere

240 3790 437 3879 potius
483 3790 671 3849 Silani
720 3792 898 3867 quam
945 3791 1197 3849 aliorum
1243 3789 1558 3849 sententie
1586 3791 1906 3850 videretur.
1949 3790 2032 3848 Et
2057 3795 2188 3853 haec
2215 3807 2420 3869 quarta
2445 3797 2581 3876 ejus

238 3883 303 3924 in
345 3868 661 3928 Catilinam
704 3869 891 3927 oratio
938 3867 1068 3927 fuit.
1150 3868 1391 3943 Reliqui
1432 3868 1750 3928 Senatores
1786 3869 2018 3930 Caesari
2054 3872 2298 3948 quidem
2336 3876 2585 3936 assenti-

241 3947 534 4013 ebantur3
576 3949 682 4005 scd
724 3947 862 4006 cum
914 3947 1062 4004 Cato
1100 3947 1407 4007 Tribunus
1447 3950 1646 4026 ‘plebis
1699 3948 2053 4009 sententiam
2112 3964 2360 4026 rogatus
2420 3968 2582 4013 essct

240 4025 404 4083 tanta
431 4027 801 4083 contentione
849 4024 1021 4094 dixit,
1051 4037 1116 4082 ut
1137 4026 1241 4101 qui
1262 4043 1369 4081 eos
1394 4027 1429 4086 εἴ
1454 4041 1644 4085 morte
1685 4027 2041 4095 eximerent,
2080 4045 2391 4105 suspectos
2443 4051 2583 4090 con-

234 4102 559 4182 jurationis
610 4105 922 4162 redderet:
980 4114 1066 4161 tot
1113 4103 1383 4162 laudibus
1422 4105 1816 4175 sedulitatem,
1868 4112 1919 4164 St
1972 4105 2255 4167 irinutem
2299 4110 2581 4170 Consulis

231 4179 475 4248 extulit,
525 4194 589 4239 ut
638 4182 771 4258 ejus
811 4181 1164 4242 sententiam
1219 4181 1480 4240 universi
1532 4190 1725 4245 secuti
1772 4185 1907 4244 sint·
1988 4186 2196 4264 Itaque
2235 4189 2458 4247 factum
2487 4202 2580 4247 est

239 4260 837 4319 Senatusconsultum
883 4258 943 4318 in
980 4258 1222 4320 Catonis
1274 4262 1646 4333 sententiam,
1694 4282 1812 4338 quo
1872 4263 2186 4342 Lentulus,
2247 4268 2579 4343 Cethegus,

238 4336 529 4407 Statilius,
568 4338 879 4411 Gabinius,
922 4342 973 4396 a
1002 4340 1293 4415 Ceparius
1339 4338 1427 4397 rei
1471 4340 1889 4419 conjurationis
1926 4358 2118 4403 morte
2141 4341 2372 4403 multati
2396 4359 2532 4403 sunt
2561 4370 2578 4403 ε

236 4428 415 4491 atque
441 4414 522 4475 ita
568 4417 785 4477 Cicero
834 4418 957 4476 sine
994 4421 1273 4491 tumultu,
1299 4419 1426 4477 sine
1457 4421 1654 4492 armis,
1683 4424 1808 4480 sine
1837 4422 2128 4495 exercitu,
2169 4421 2414 4481 sublatis
2458 4424 2584 4483 illis

2225 4499 2581 4565 hominibus,
