2875 4842
1138 206 1206 289 -ῑ
1276 205 1506 286 ωἰ

157 374 617 462 precipitari:
664 376 739 444 ξς*
760 378 905 443 cem
934 371 1344 467 pertinacifls
1384 363 1610 467 Iegem]
1642 362 1886 438 Caelius
1926 367 2382 454 vituperaret,
2413 376 2484 439 eo

156 463 484 546 processit
512 462 629 530 irie
674 460 1070 543 Pompeius,
1103 468 1183 525 ut
1232 457 1512 534 diceret,
1543 478 1605 526 si
1652 466 1923 523 coactus
1952 466 2128 523 esset
2172 459 2385 530 armis
2409 480 2487 530 se

163 565 375 631 remp.
402 548 836 634 defensurum
857 570 883 611 .·
916 537 1194 611 timebat
1213 556 1442 612 autem
1473 536 1843 624 Pompeius
1864 534 2216 625 Milonem,
2246 569 2367 615 seu
2397 546 2480 615 ti-

158 653 342 701 mere
359 657 434 702 se
455 630 851 704 simulabat:
876 629 1271 713 pleramque
1290 649 1420 697 non
1438 625 1617 696 domi
1657 646 1819 708 suae,
1849 623 1974 696 sed
1988 630 2057 697 in
2077 626 2292 702 hortis
2340 653 2480 701 ma-

154 714 375 800 nebat,
392 719 592 805 idque
613 727 836 800 ipsum
858 719 929 783 in
958 709 1437 797 superioribus,
1460 714 1640 782 circa
1653 715 2033 798 quosetiam
2064 734 2312 799 magna
2339 739 2481 788 ma·

155 825 280 875 nus
310 806 594 874 militum
626 797 1007 871 excubabat
1025 826 1051 867 .·
1103 795 1429 867 Senatum
1462 819 1726 885 quoque
1750 796 1963 868 semel
1982 801 2052 869 in
2071 801 2341 881 porticu
2361 827 2484 874 suo

152 885 492 959 babuerat
523 886 913 971 Pompeius,
947 883 1122 971 quod
1141 882 1396 953 diceret
1416 898 1657 954 timere
1684 907 1760 955 se
1785 881 2149 954 adventum
2176 882 2480 961 Mlonis.

239 973 426 1044 Dein
444 975 762 1058 proaeimo
790 972 1049 1040 Senatu
1085 965 1167 1036 P.
1203 967 1610 1056 Cornificius
1625 968 1908 1055 serrum
1940 967 2269 1040 Mlonem
2299 986 2484 1043 intra

127 1071 449 1153 ‚tunicam
477 1057 724 1129 habere
750 1061 841 1127 ad
843 1057 1092 1142 femur
1117 1054 1467 1139 alligatum
1509 1055 1790 1126 diaeerat
1811 1083 1840 1134 ,ν
1879 1055 2372 1141 postulaverat,
2401 1072 2485 1130 ut

123 1145 380 1226 Jemur
406 1147 695 1216 nudaret
717 1173 747 1219 ;
794 1149 866 1213 {9³
894 1142 1002 1213 ille
1030 1145 1174 1213 sine
1203 1149 1383 1210 morti
1412 1142 1710 1211 tunicam
1740 1138 2092 1212 levaverat
2114 1169 2140 1210 .·
2187 1138 2332 1212 tiam
2362 1141 2477 1212 M

157 1228 399 1301 Cicero
420 1231 953 1311 exclamaverat,
983 1227 1206 1298 omnia
1225 1225 1320 1295 illi
1340 1224 1579 1299 similia
1604 1226 1883 1298 crimina
1898 1252 2044 1300 esse
2073 1249 2224 1315 quae
2242 1233 2310 1298 in
2328 1225 2478 1302 Mi·-

144 1319 367 1390 lonem
396 1318 782 1388 dicerentur
808 1315 967 1401 alia.

227 1402 500 1474 Deinde
520 1398 882 1472 Mimatms
898 1399 1199 1471 Plancus
1230 1395 1694 1485 Tribunus-pl.
1718 1399 2150 1485 produxerat
2171 1403 2239 1471 in
2261 1404 2477 1475 conci-

134 1512 337 1560 onem
358 1487 471 1559 M.
499 1486 857 1557 AEmilium
883 1483 1368 1568 Philemonem,
1391 1499 1621 1557 notum
1649 1486 2003 1568 bominem,
2027 1482 2338 1559 libertum
2357 1487 2477 1560 M

141 1571 441 1658 Lepidi:
463 1580 523 1646 is
542 1598 616 1645 se
636 1569 918 1654 dicebat,
938 1574 1338 1658 pariterque
1357 1595 1584 1642 secum
1609 1586 1903 1659 quatuor
1921 1571 2161 1645 liberos
2180 1573 2481 1648 homines

137 1663 281 1730 iter
277 1662 629 1748 jacientes
644 1655 1294 1743 superveniat-‚cam
1306 1654 1575 1730 Clodius
1595 1659 2031 1732 occideretur.
2043 1656 2217 1740 &fib
2237 1661 2312 1731 ul
2323 1685 2480 1732 cum

130 1749 704 1829 proclamassent,
726 1741 1044 1828 abreptos
1072 1746 1146 1814 89²
1167 1742 1530 1828 perductos
1549 1747 1616 1813 in
1637 1745 1868 1816 villam
1903 1742 2208 1827 Milonis,
2255 1743 2479 1835 ibique

128 1844 273 1914 per
300 1834 467 1904 duos
496 1855 755 1902 menses
783 1827 1436 1983 fraeclusossuisse:
1483 1854 1697 1918 eaque
1725 1856 1860 1909 res,
1892 1855 2012 1905 seu
2030 1829 2251 1918 falsa,
2284 1857 2476 1919 mag·

130 1940 303 1987 nam
329 1916 645 1987 invidiam
668 1912 782 1984 Mi
807 1938 914 1986 oni
932 1928 1375 1985 contraxerat
1396 1943 1424 1990 ;
1457 1914 1766 2003 idemque
1786 1915 2150 1990 Munatius
2172 1924 2247 1989 89⁷
2263 1916 2478 1990 Pom-

122 2005 343 2089 peius
380 1999 782 2086 Tribuni-pl.
818 2006 887 2069 in
913 1998 1171 2072 Rostra
1198 1998 1676 2085 produxerant
1727 2000 2186 2073 Triumvirum
2214 2007 2473 2090 capita-

126 2089 298 2169 lem,
352 2111 642 2174 eumque
692 2101 1304 2171 interrogaverant,
1360 2110 1450 2154 an
1506 2086 1825 2157 Galatam
1868 2083 2154 2159 Mlonis
2204 2114 2479 2161 servum

129 2174 740 2260 caedesfacientem
765 2171 1337 2257 deprehendisset.-
1361 2171 1472 2241 ille
1492 2173 1926 2243 dormientem
1945 2175 2013 2242 in
2056 2170 2330 2248 taberna
2343 2189 2478 2259 pro

108 2258 438 2349 fugitivo
457 2256 970 2346 deprehensum,
994 2262 1067 2327 89²
1091 2257 1185 2327 ad
1198 2282 1272 2330 se
1288 2257 1692 2348 perductum
1706 2282 1852 2331 esse
1861 2257 2340 2345 responderat:
2362 2259 2475 2330 de-

129 2353 631 2420 nunciaverunt
658 2357 884 2415 tamen
956 2343 1365 2426 'l'riumvirm
1424 2370 1509 2413 ne
1557 2368 1830 2416 servum
1879 2345 2264 2416 remitteret
2283 2373 2316 2425 ‚·
2358 2345 2489 2418 sed

123 2441 412 2521 postera
450 2433 557 2501 die
595 2431 838 2514 (Ia-’lius
879 2428 1339 2513 Zh'bunus-pl.
1380 2435 1458 2501 δ’
1480 2429 1816 2503 Manilius
1853 2428 2195 2502 Canianus
2222 2428 2475 2515 collega

127 2525 301 2609 ejus
327 2530 635 2600 ereptum
658 2524 688 2577 e
710 2518 896 2585 domo
937 2511 1314 2585 ‘l'rz'umviri
1340 2540 1614 2588 servum
1639 2514 1892 2588 Mloni
1912 2515 2366 2587 reddiderunt.

220 2601 396 2674 Etsi
418 2601 669 2672 nullam
697 2600 779 2670 de
818 2598 927 2670 ln's
972 2600 1358 2672 criminibus
1407 2604 1805 2698 mentionem
1812 2598 2002 2688 ficit
2039 2599 2275 2674 Cicero
2295 2631 2323 2680 ;
2371 2615 2474 2674 ta-

127 2715 318 2769 men,
354 2712 514 2776 quta
544 2699 642 2756 cta
671 2699 1153 2765 compereram,
1174 2698 1420 2768 putavi
1452 2688 1874 2772 exponenda.
2431 2743 2436 2750 .

108 2839 121 2849 .
217 2773 430 2846 Inter
455 2777 708 2857 primos
738 2775 812 2867 &J
848 2765 1427 2867 QgPompeiusfio’
1456 2771 1548 2841 (J.-
1578 2771 1963 2857 Sallustius,
1990 2780 2065 2845 29²
2099 2772 2182 2844 Τ.
2210 2772 2473 2845 Mutia-

123 2865 278 2936 tius
306 2856 631 2939 Plancus,
670 2853 975 2924 Tribuni·
982 2853 1077 2937 pl.
1107 2856 1595 2929 inimicissimas
1616 2862 1954 2928 conciones
1974 2858 2056 2928 de
2076 2857 2471 2930 Mloneha-

122 2946 405 3024 bebant,
419 2943 781 3014 invidiosas
801 2944 1002 3011 etiam
1020 2938 1104 3009 de
1134 2937 1473 3023 Cicerone,
1502 2944 1682 3029 quod
1697 2940 2025 3012 [Milonem
2051 2957 2238 3013 tanto
2254 2944 2478 3016 studio

118 3032 531 3122 defenderet
552 3059 581 3107 ;
625 3041 913 3114 eratque
942 3028 1247 3098 maxima
1272 3037 1440 3110 pars
1463 3027 1911 3099 multitudinis
1927 3028 2194 3117 insensa
2218 3052 2350 3099 non
2368 3057 2475 3104 so-

121 3115 673 3198 lamMilonmed
686 3119 817 3199 ipsi
830 3113 1056 3192 etiam,
1060 3126 1105 3196 p
1113 3126 1233 3198 rop
1241 3127 1348 3184 ter
1358 3113 1646 3185 invisum
1655 3115 2132 3199 patrocinium,
2148 3112 2474 3186 Ciceroni.

220 3203 485 3275 Poste&
509 3199 882 3284 Pompeius
914 3204 986 3268 22²
1012 3196 1378 3271 Sallustius
1406 3201 1474 3267 in
1499 3202 1878 3287 suspicione
1883 3194 2190 3294 suerunt
2216 3202 2284 3270 in
2309 3224 2471 3287 gra-

114 3292 317 3364 tiam
338 3287 619 3360 rediisse
644 3308 794 3354 cum
824 3281 1087 3354 Mlone
1112 3308 1197 3356 ac
1233 3282 1575 3356 Cicerone.
1666 3284 1971 3358 Plancus
2010 3299 2237 3357 autem
2266 3285 2472 3376 inses-
2510 3366 2514 3371 ,
2548 3379 2554 3386 .
2603 3349 2610 3360 .

123 3379 393 3449 tissime
414 3373 741 3456 perstitit,
771 3383 980 3456 atque
1006 3375 1076 3438 in
1135 3368 1524 3443 Ciceronem
1558 3395 1826 3460 quoque
1853 3372 2344 3443 multitudinem
2373 3373 2471 3443 in-

116 3464 426 3547 stigavit
449 3486 474 3527 .·
520 3456 1122 3540 Pompeio-autem
1173 3470 1563 3541 suspectum
1597 3454 1916 3545 faciebat
1970 3455 2322 3540 Didonem,
2386 3460 2487 3531 ad
2581 3509 2588 3516 -

108 3547 506 3635 perniciem
536 3544 689 3630 ejus
715 3544 1098 3627 comparari
1145 3545 1281 3614 vim
1310 3541 1735 3633 vociferatus
1762 3570 1788 3612 .·
1845 3541 2348 3632 Pompeiusque
2394 3542 2475 3616 ob

112 3636 491 3716 ea-saepizls
521 3624 955 3716 querebatur,
985 3628 1146 3712 fieri
1190 3627 1316 3700 sibi
1345 3652 1613 3717 quoque
1641 3627 1915 3702 insidias
1945 3634 2020 3701 δέ
2072 3629 2148 3702 id
2237 3628 2413 3699 alam
2444 3656 2473 3697 .·

110 3747 207 3793 ac
239 3721 511 3806 majore
540 3740 745 3786 manu
771 3738 848 3785 se
874 3711 1229 3785 armabat:
1272 3713 1611 3785 dicturum
1691 3729 1908 3803 uoque
1935 3714 2111 3787 diem
2203 3715 2477 3785 iceroni

108 3805 442 3877 Plancus
470 3798 854 3875 ostendebat
876 3827 907 3875 ,·
946 3811 1187 3883 postea
1214 3812 1445 3872 autem
1486 3799 1565 3886 Q·
1669 3804 1971 3885 ompeius
1999 3801 2171 3871 idem
2204 3801 2471 3871 minita-

111 3911 245 3966 tus
270 3905 427 3959 erat
445 3917 473 3966 ,·
521 3900 715 3958 tanta
745 3900 969 3956 tamen
998 3885 1376 3958 constantia
1424 3912 1510 3956 ac
1549 3887 1741 3974 fides
1745 3884 1909 3975 fuit
1969 3883 2335 3984 Ciceronis,
2391 3889 2476 3957 ‘ut
2569 3947 2572 3952 .

106 4001 262 4049 non
292 3974 529 4058 populi
569 3970 607 4031 ἆ
654 3997 729 4044 se
752 3971 1172 4049 alienatione,
1230 3995 1361 4041 non
1425 3971 1553 4043 Cn.
1601 3971 1913 4058 Pompeii
1960 3967 2472 4057 suspicionibus,

104 4086 259 4137 non
285 4056 572 4142 periculi
570 4056 815 4143 futuri
844 4069 1053 4154 metu,
1076 4057 1136 4128 si
1163 4056 1289 4131 sibi
1314 4058 1458 4131 dies
1483 4057 1582 4129 ad
1600 4058 1921 4144 populum
1951 4058 2313 4142 diceretur,
2342 4083 2475 4129 non

106 4146 404 4240 armis„
444 4167 590 4231 quae
639 4142 866 4225 palam
945 4164 1013 4211 ιη
1076 4140 1412 4214 ΛΙὶΙοηειη
1492 4159 1766 4229 sumpta
1845 4155 2068 4223 erant,
2142 4140 2476 4214 deterreri

102 4244 437 4321 potuerit
463 4227 503 4289 ἀ
532 4228 915 4316 defensione
956 4228 1131 4314 ejus,
1164 4252 1315 4299 cum
1344 4243 1575 4312 posset
1631 4254 1823 4299 omne
1867 4228 2246 4314 periculum
2275 4245 2476 4301 suum

110 4325 191 4390 ξς*
217 4314 660 4411 offensionem
710 4316 991 4386 inimica·
1018 4314 1468 4386 multitudinis
1518 4315 1875 4397 declinare,
1907 4313 2241 4385 redimere
2267 4315 2474 4383 etiam

116 4400 997 4492 ‘'mPompeiianimumssi
1012 4399 1287 4486 paulam
1310 4425 1407 4474 ex
1429 4400 1651 4474 studio
1669 4399 2066 4488 defensionis
2075 4397 2475 4554 νεηῗείεῗεῖἇ

1178 4511 1192 4524 ·
2266 4505 2342 4553 er
2364 4506 2403 4553 a
