2875 4842
388 205 502 261 πο
1082 197 1174 262 Μ.
1215 165 1510 260 runnu
1545 193 1999 261 ctcsnoms

2329 323 2368 372 ‘⁴

493 354 625 419 anni
666 353 1102 420 interfuerunt:
1138 357 1340 436 itaque
1387 370 1698 435 quantum
1721 360 1976 437 spatium
2023 357 2201 419 aetatis
2226 357 2492 438 majores
2518 362 2702 424 nostri

492 439 562 495 ad
589 440 914 497 senectutis
943 439 1177 498 initium
1203 456 1336 495 esse
1385 442 1716 509 voluerunt,
1770 452 1963 499 tantus
2015 441 2103 500 illi
2147 457 2364 497 cursus
2407 438 2704 501 honorum

487 516 641 574 fuit·
627 556 643 584 ,
724 528 902 593 atque
970 518 1106 611 ejus
1179 533 1474 584 extrema
1520 531 1657 576 aetas
1726 521 1837 576 hoc
1911 520 2151 584 beatior,
2222 535 2403 593 quam
2483 522 2700 590 media,

377 600 449 652 :30
488 595 647 672 quod
723 596 1087 656 auctoritatis
1156 600 1291 670 plus
1350 599 1612 666 habebat,
1678 596 1892 657 laboris
1970 600 2112 657 vero
2189 589 2410 654 minus.
2523 603 2701 674 Apex

486 689 690 732 autem
753 677 1079 736 senectutis
1139 689 1232 733 est
1300 675 1631 734 auctoritas.
1713 677 1949 749 Quanta
2007 676 2118 737 suit
2183 677 2244 735 in
2317 676 2389 734 L.
2450 676 2704 738 caeeitio

487 750 778 812 Metello!
842 770 1056 828 quanta
1125 755 1185 812 in
1250 754 1438 813 Atilio
1491 755 1819 813 Calatino!
1885 758 1945 815 in
1996 773 2176 832 quem
2227 754 2379 812 illud
2433 756 2702 832 elogium

394 877 401 884 .
485 833 771 890 unicum:
807 837 1068 900 plurima
1118 838 1484 891 consentiunt
1522 848 1747 905 gentes,
1780 840 1990 903 populi
2025 836 2590 904 primariumfitiue
2613 842 2702 893 ιη’·

487 931 665 977 rum3
731 924 936 969 notum
1008 926 1099 972 est
1171 929 1406 970 carmen
1473 911 1728 970 incisum
1801 912 1861 970 in
1939 916 2235 990 sepulcro.
2315 912 2468 970 Jure
2517 914 2700 988 igitur

373 999 444 1051 35
488 991 705 1065 gravis,
774 990 955 1080 cujus
1024 993 1099 1050 de
1179 990 1448 1049 laudibus
1510 991 1781 1048 omnium
1851 1008 2014 1051 esset
2073 992 2236 1050 fama
2299 993 2698 1052 consentiens.

486 1071 688 1143 Quem
735 1067 930 1128 virum
987 1074 1047 1130 Ρ.
1091 1072 1395 1136 Crassum,
1446 1087 1636 1146 nuper
1701 1069 2050 1129 Pontificem
2103 1070 2465 1140 Maximum,
2519 1083 2702 1148 quem·

485 1163 693 1226 postea
736 1148 827 1205 M.
868 1151 1160 1224 Lepidum
1214 1149 1425 1206 eodem
1470 1148 1800 1207 sacerdotio
1843 1170 1916 1242 pt
1919 1151 2164 1210 :editum
2197 1149 2498 1209 vidimus?
2539 1151 2701 1223 Quid

484 1229 558 1286 de
601 1227 811 1292 Paulo,
847 1240 948 1286 aut
990 1228 1272 1287 Africano
1319 1219 1571 1303 loquar?
1611 1240 1730 1294 aut,
1783 1244 1850 1288 ut
1890 1228 2010 1321 jam
2063 1242 2220 1295 ante,
2256 1231 2332 1285 de
2384 1229 2704 1288 Maximo?

483 1325 737 1399 quorum
770 1324 887 1363 non
914 1307 987 1394 iq
1002 1307 1293 1365 sententia
1320 1305 1448 1365 solii
1475 1327 1532 1376 n,
1584 1308 1687 1365 sed
1735 1308 1910 1367 etiam
1956 1303 2016 1366 in
2055 1317 2205 1367 nutu
2229 1308 2533 1368 desidebat
2556 1326 2700 1367 auc-

366 1392 443 1444 40
481 1388 741 1446 toritasn
800 1379 993 1445 Habet
1066 1371 1391 1450 senectus,3
1440 1389 1718 1444 honorata
1770 1388 2125 1463 praesertim,
2177 1398 2400 1444 tantam
2442 1388 2692 1446 auctori·

481 1479 682 1532 tatem,
711 1479 776 1525 ut
796 1483 865 1522 ea
892 1466 1079 1540 pluris
1105 1465 1198 1530 sit,
1216 1485 1395 1556 quam
1422 1483 1631 1556 omnes
1657 1465 2080 1525 adolescentiae
2110 1467 2457 1542 voluptates.

563 1546 1013 1605 xv111.Sed
1029 1545 1087 1604 in
1128 1544 1290 1604 omni
1332 1545 1595 1602 oratione
1637 1557 2041 1612 mementote,
2110 1563 2246 1602 eam
2307 1563 2408 1603 me
2447 1545 2700 1604 laudare

483 1645 661 1684 sene(
672 1641 883 1690 tutem,
926 1643 1063 1702 quae
1104 1624 1501 1682 fundamentis
1534 1624 1949 1683 adolescentiae
1981 1623 2303 1682 constituta
2327 1624 2438 1687 sit:
2475 1643 2702 1700 exque

375 1705 381 1712 ”
477 1704 540 1760 id
574 1705 849 1763 efficitur.
866 1702 1022 1792 quod
1050 1722 1166 1779 ego
1193 1721 1408 1778 magno
1435 1703 1731 1776 quondam
1774 1721 1913 1760 cum
1941 1720 2190 1761 assensu
2213 1702 2489 1761 omnium
2530 1703 2696 1761 dixi.

484 1785 769 1838 „Miseram
795 1804 920 1839 esse
961 1796 1333 1846 senectutem,
1384 1799 1504 1854 que
1548 1801 1611 1839 se
1653 1785 1920 1839 oratione·
1958 1785 2338 1856 defenderet.-
2384 1801 2497 1842 non
2548 1783 2704 1852 cani,

399 1872 438 1921 5
477 1879 591 1919 non
620 1878 779 1936 ruga:
806 1858 1049 1938 repente
1074 1861 1485 1920 auctoritatem
1521 1862 1782 1938 arripere
1830 1873 2120 1936 possunt·
2163 1860 2267 1917 sed
2299 1863 2547 1923 honeste
2569 1875 2704 1920 acts

478 1938 753 2014 superior
783 1953 923 2001 aetas
950 1940 1179 2000 fructus
1206 1941 1362 2015 capit
1388 1942 1753 2004 auctoritatis
1778 1949 2100 1999 extremm.
2183 1942 2328 1998 Haec
2360 1943 2529 1999 enim
2569 1945 2702 2016 ipa

477 2034 615 2078 sunt
669 2018 1047 2082 honorabilia,
1094 2038 1231 2095 quae
1277 2020 1552 2078 videntur
1607 2021 1758 2079 levia
1804 2034 1979 2098 atque
2036 2019 2397 2088 communia,
2431 2019 2704 2089 salutari,

473 2103 697 2175 appeti,
741 2099 972 2167 decedi,
1022 2099 1275 2174 assurgi,
1318 2099 1557 2167 deduci,
1600 2100 1824 2168 reduci,
1875 2098 2137 2158 consuli:
2198 2105 2336 2172 quae³
2409 2105 2462 2158 ee
2544 2098 2704 2174 apud

476 2197 604 2248 nos„
632 2182 687 2235 δι
714 2179 771 2236 in
799 2178 931 2237 aliis
980 2177 1333 2246 civitatibus,
1382 2192 1448 2237 ut
1489 2196 1745 2253 quaeque
1773 2180 1997 2254 optime
2040 2192 2278 2246 morata,
2317 2178 2397 2235 ita
2442 2178 2703 2254 diligen-

368 2269 437 2320 lo
477 2257 704 2318 tissime
752 2261 1159 2316 observantur.
1263 2255 1630 2333 Lysandrum
1697 2257 2226 2324 Lacedaemonium,
2277 2255 2456 2331 cujus
2515 2254 2706 2314 modo

476 2339 839 2430 mentionem
871 2336 1006 2402 feci,
1034 2337 1235 2394 dicere
1262 2337 1425 2394 aiunt
1453 2337 1716 2406 solitum,
1761 2339 2175 2397 Lacedaemone
2214 2350 2344 2389 esse
2391 2335 2708 2394 honestis-

475 2414 697 2474 simum
748 2415 1118 2474 domicilium
1171 2415 1534 2474 senectutis:
1577 2418 1871 2492 nusquam
1921 2418 2075 2474 enim
2121 2423 2348 2470 tantum
2384 2409 2705 2472 'tribuitur

474 2494 654 2563 aetati,
700 2513 991 2572 nusquam
1044 2507 1132 2551 est
1187 2508 1464 2553 senectus
1517 2494 1889 2552 honoratior:
1945 2494 2083 2571 quin
2128 2493 2311 2550 etiam
2368 2492 2696 2551 memoria

472 2575 787 2649 proditum·
823 2586 933 2641 est,
980 2589 1121 2630 cum
1171 2571 1442 2637 Athenis,
1492 2571 1668 2638 ludis,
1695 2574 1942 2649 quidam
1987 2575 2044 2630 in
2088 2575 2387 2629 theatrum
2443 2571 2696 2646 grandis

368 2666 429 2733 lq
470 2667 612 2711 natu
639 2651 912 2714 venisset,
936 2648 992 2704 in
1017 2668 1236 2725 magno
1262 2666 1544 2709 consessu
1579 2652 1777 2710 locum
1803 2652 1860 2710 ei
1879 2654 1916 2713 a
1937 2652 2069 2718 suis
2119 2650 2348 2707 civibus
2394 2667 2695 2725 nusquam

469 2734 712 2789 datum:
752 2727 893 2786 etim
917 2742 1119 2786 autem
1145 2730 1217 2787 ad
1260 2729 1746 2789 Lacedaemonios
1772 2731 2144 2797 accessisset,
2185 2728 2308 2805 qui,
2334 2728 2477 2786 cum
2512 2729 2694 2805 legati

464 2823 691 2876 essent,
715 2821 880 2865 certo
905 2809 965 2865 in
1012 2810 1144 2866 loco
1186 2808 1591 2879 consederant,
1618 2810 2065 2906 consurrexisse
2116 2825 2344 2877 omnes,
2385 2810 2440 2864 fit
2487 2825 2690 2865 senem

463 2891 637 2950 illum
662 2869 884 2946 fessum
910 2887 1249 2963 recepisse:
1274 2887 1490 2979 quibus
1514 2888 1648 2945 οὺιιι
1666 2911 1699 2949 a
1721 2903 1932 2947 cuncto
1957 2904 2240 2946 consessu
2264 2889 2508 2960 plausus
2532 2897 2694 2944 esset

469 2969 786 3043 multiplex
817 2969 1010 3032 datus,
1035 2967 1261 3024 dixisse
1312 2983 1393 3022 ex
1438 2967 1513 3025 iis
1540 2964 1857 3045 quendam,
1907 2949 2317 3026 Athenienses
2366 2967 2514 3024 scine
2537 2981 2690 3039 quae

353 3059 428 3111 20
468 3061 630 3107 recta
652 3058 869 3120 essent,
899 3047 1003 3103 sed
1030 3044 1224 3102 facere
1245 3045 1421 3103 nolle.
1507 3048 1704 3105 Multa
1747 3047 1806 3104 in
1846 3059 2047 3102 nostro
2074 3043 2338 3122 collegio
2366 3044 2692 3120 praechra3

467 3129 573 3185 sed
604 3128 733 3189 boc,
760 3125 835 3181 de
865 3144 984 3202 quo
1009 3124 1264 3200 agimus,
1307 3122 1624 3199 imprimis,
1671 3109 1844 3202 quod.
1889 3137 1955 3180 ut
2003 3123 2263 3200 quisque
2305 3137 2468 3183 {etate
2516 3137 2694 3180 anto-

471 3207 648 3274 cedit,
673 3219 754 3262 ita
781 3203 1103 3294 sententiae·
1135 3202 1536 3296 principatum
1589 3218 1790 3273 tenet3
1832 3220 2027 3278 neque
2075 3202 2268 3261 solum
2317 3207 2533 3260 honore
2586 3219 2692 3259 an

468 3272 895 3349 tecedentibus,
933 3277 1079 3338 sed
1065 3281 1138 3339 iis
1165 3282 1359 3342 etiam
1400 3283 1506 3362 qui
1558 3299 1696 3342 curn
1747 3281 2002 3356 imperio
2044 3296 2201 3350 sunt,
2253 3281 2514 3358 majores
2549 3295 2691 3340 nam

364 3359 375 3366 “
471 3382 733 3453 augures
762 3373 1213 3451 anteponuntur.
1294 3360 1442 3432 Quae
1485 3376 1621 3420 sunt
1657 3361 1846 3436 igitur
1882 3363 2214 3438 voluptates
2251 3359 2524 3452 corporis
2545 3377 2714 3419 cum·

355 3455 426 3509 25
467 3441 831 3534 auctoritatis
884 3437 1157 3515 praemiis'
1195 3440 1644 3516 comparandae?
1701 3440 1916 3513 quibus
1935 3443 2037 3515 qui
2088 3438 2400 3517 splendide
2423 3438 2519 3495 usi
2551 3449 2697 3499 suut

465 3520 513 3582 ii
561 3519 708 3579 mihi
755 3521 1028 3580 videntur
1071 3519 1328 3578 fabulam
1375 3519 1554 3577 aetatis
1601 3519 1930 3595 peregisse,
1971 3538 2080 3576 nec
2116 3519 2404 3596 tanquam
2451 3516 2694 3575 inexco-

465 3599 629 3660 citati
659 3597 993 3659 histriones
1034 3596 1092 3656 in
1143 3593 1416 3657 extremo
1453 3610 1586 3656 actu
1634 3599 1951 3655 corruisse.
2033 3601 2114 3658 At
2163 3609 2301 3656 stmt
2343 3596 2596 3666 morosi,
2641 3600 2695 3654 k.

469 3678 650 3750 anxii,
700 3685 749 3740 ει
781 3678 1066 3745 iracundi,
1113 3681 1163 3737 δι
1209 3677 1478 3735 difficiles
1521 3693 1715 3744 senes,
1768 3676 1819 3734 si
1867 3675 2206 3753 quaerimus,
2247 3674 2436 3733 etiam
2485 3676 2694 3733 avari.

466 3760 575 3818 sed
595 3762 719 3819 haec
746 3773 981 3819 morum
1010 3755 1149 3814 vitia
1189 3770 1344 3824 sunt,
1388 3773 1502 3814 non
1550 3755 1892 3814 senectutis.
1977 3759 2068 3814 Ac
2108 3751 2421 3813 morositas
2465 3766 2704 3822 tamen,

353 3850 429 3902 30
470 3843 621 3899 &ea
644 3839 800 3906 vitia,
827 3849 955 3912 quae
1003 3827 1163 3902 dixi,
1174 3837 1391 3893 babent'
1434 3834 1654 3912 aliquid
1710 3833 2129 3902 excusationis,
2168 3851 2286 3891 non
2337 3829 2507 3891 illius
2559 3832 2698 3909 qui·

466 3914 605 3973 dem
618 3917 815 4009 justae,
851 3914 954 3971 sed
984 3930 1119 3989 quae
1150 3906 1384 3988 probari
1428 3927 1614 4004 posse
1656 3911 1964 3973 videatur·
2005 3910 2302 3971 contemni
2351 3929 2417 3969 se
2460 3925 2700 3988 putant,

467 3991 715 4067 despici,
752 3992 962 4054 illudi.
1008 4008 1297 4068 praeterea
1335 3992 1396 4050 in
1422 3988 1621 4067 fragili
1637 4008 1898 4066 corpore
1942 3993 2148 4060 odiosa,
2190 3989 2389 4050 omnis
2431 3989 2700 4050 offensio

468 4081 599 4128 est:
641 4090 776 4148 quae
804 4086 1000 4132 tamen
1026 4071 1222 4128 omnia
1242 4071 1513 4141 dulciora
1554 4084 1693 4129 sunt
1737 4070 1791 4123 δε
1831 4072 2098 4130 moribus
2122 4069 2290 4128 bonis
2319 4074 2372 4127 δι
2414 4068 2695 4129 artibus:

466 4146 648 4225 idque
677 4149 843 4209 tum
828 4170 887 4209 m
916 4150 1054 4218 vitfl,
1100 4145 1227 4208 ιιιιιι
1271 4150 1332 4208 in
1373 4150 1556 4208 scens,
1593 4147 1851 4226 intelligi
1893 4160 2093 4225 potest
2136 4167 2214 4206 ex
2261 4148 2337 4206 iis
2379 4148 2698 4214 mnibus.

354 4246 426 4297 35
467 4231 571 4301 qui
600 4230 658 4288 in
686 4228 984 4303 Adelphis
1009 4241 1180 4287 sunt.
1218 4240 1430 4304 quanta
1458 4227 1516 4286 in
1543 4229 1730 4286 altero
1769 4227 2011 4296 duritas,
2059 4228 2119 4285 in
2159 4229 2348 4285 altero
2390 4225 2696 4286 comitas·

470 4307 571 4363 Sic
598 4326 663 4366 se
689 4325 785 4365 res
808 4309 1024 4367 habet
1061 4318 1126 4367 ut
1168 4306 1330 4364 enim
1381 4323 1495 4364 non
1542 4324 1720 4366 omne
1765 4306 2096 4378 vinum,sic
2135 4323 2250 4364 non
2298 4305 2502 4365 omnis
2540 4321 2704 4365 ω

468 4396 758 4446 vetustate
783 4384 1112 4472 coacescit·
1095 4421 1111 4438 ·
1149 4384 1526 4446 severitatem
1553 4383 1612 4443 in
1639 4397 1946 4451 senectute
1965 4389 2170 4462 probo,
2195 4385 2312 4456 sed
2330 4401 2491 4457 eam,
2527 4385 2704 4441 sieut

2555 4459 2706 4532 atis,
